1825 3025
86 130 166 180 '270
363 117 580 170 AENEID'OS
735 134 764 170 v.
778 122 852 182 164.

38 199 40 205 ⁴
113 196 226 269 Ace'essi,
236 213 261 251 et
270 203 377 269 cupidus
386 205 478 255 Phenei
489 206 537 254 sub
545 206 635 255 moenia
644 206 715 254 duxi.

113 273 159 321 Ilia
168 273 231 321 mihi
239 273 362 338 insignem
370 277 513 342 pharetram
521 279 657 343 Lyciasque
666 279 787 342 sagittas,

112 343 260 404 Discedens,
270 345 475 413 chlamydemque
483 365 547 397 auro
555 348 622 397 dedit
629 351 796 400 intertextam
802 386 815 412 ,

112 416 241 478 Frenaque
250 414 309 464 hina
319 433 389 465 meus
401 419 457 484 qiaae
467 434 535 467 nuuc
543 419 619 467 habet
626 437 701 468 aurea
711 423 804 472 Pallas.
903 485 904 490 ¹

111 483 178 547 Ergo
187 496 216 532 et
222 501 298 550 quam
306 490 389 552 petitis
395 487 485 551 juncta
493 502 532 539 est
540 491 602 537 mihi
612 491 704 539 i'oedere
713 493 822 542 dextra!

112 554 154 612 Et,
164 555 211 602 lux
220 572 301 621 quum
309 556 419 622 primiam
428 561 504 608 terris
513 577 540 608 se
548 563 655 614 crastina
665 563 767 624 reddet,

112 619 217 675 Auxilio
225 628 295 677 laetos
304 628 439 687 dimittam,
449 630 592 695 opibusque
598 631 704 695 juvabo.

112 697 211 745 Interea
220 714 287 746 sacra
297 699 363 757 haec,
373 700 475 764 quando
483 702 535 749 huc
544 704 647 749 venistis
656 704 745 764 amici,

112 767 216 827 Annua,
227 786 283 834 qnae
292 768 392 818 differre
400 771 481 830 nefas,
491 771 612 821 celebrate
621 773 732 823 faventes

112 839 262 898 Nobiscum,
272 840 355 904 etjam
364 856 433 888 nunc
442 843 571 890 sociorum·
577 844 712 893 assuescite
720 847 824 895 mensis.
903 847 904 852 ’

146 912 205 958 Haec
214 911 260 958 uhi
268 910 345 969 dicta,
354 911 428 975 dapes
433 912 507 975 jubet
516 923 541 960 et
549 914 647 962 sublata
656 920 746 980 reponi

110 979 214 1039 Pocula,
225 982 402 1047 gramineoque
410 983 478 1031 viros
486 983 570 1032 locati
588 986 709 1047 sesedili3

73 1059 76 1072 ¹
110 1051 318 1115 Praeeipunmque
328 1062 385 1100 toro
392 1049 418 1100 et
426 1053 510 1103 villosi
516 1072 550 1119 pe
569 1056 673 1109 eleonis

109 1119 209 1184 Accipit
217 1116 330 1180 Aenean,
340 1122 453 1187 solioque
462 1126 553 1173 invitat
561 1142 661 1175 acerno.

109 1190 176 1237 Tum
186 1189 244 1237 lecti
250 1189 356 1252 juvenes
365 1195 479 1243 certatim
487 1212 585 1262 araeque
594 1198 708 1246 sacerdos

108 1259 210 1306 Viscera
220 1271 284 1308 tosta
292 1261 379 1310 ferunt
388 1274 698 1334 taurorum‚onerantque
704 1271 819 1320 castistris

108 1329 181 1377 Dona
190 1330 306 1380 laboratae
315 1335 406 1381 scieris
410 1333 419 1393 ¹,
430 1336 604 1404 bacchumque
611 1340 767 1390 ministrant.

103 1400 225 1449 'Vescitur
233 1403 340 1463 Aeneas,
350 1405 462 1467 simulet
472 1407 580 1471 Trojano
586 1409 709 1473 juventus
715 1447 724 1471 ‚

40 1499 46 1507 ·
83 1471 86 1482 '
107 1470 225 1539 Perpetui
234 1483 305 1539 tergo
314 1474 385 1524 horis
395 1488 421 1526 et
428 1476 658 1540 lustralibusextis.
861 1546 864 1549 ι

142 1544 278 1609 Postquam
295 1559 409 1613 exempta
426 1548 521 1617 fames,
538 1563 564 1600 et
579 1568 651 1601 amor
666 1570 824 1621 compressus

194 1616 297 1677 edendi,

106 1684 162 1733 Rex
170 1687 301 1737 Evandrus
310 1688 357 1736 ait:
368 1691 426 1739 Non
434 1690 488 1740 haec
495 1690 618 1760 solemnia
625 1692 716 1754 nobis,

106 1757 156 1804 Has
167 1772 200 1804 ex
208 1770 278 1808 ruore
286 1758 373 1824 dapes,
382 1761 448 1810 hanc
457 1765 522 1811 tanti
531 1765 644 1812 numinis
651 1780 735 1826 amm,

59 1831 60 1835 ’
105 1826 176 1873 Vana
185 1828 330 1892 superstitio
339 1841 503 1897 veterumque
511 1835 597 1898 ignara
606 1835 712 1884 deornm

104 1897 241 1961 Imposuit:
250 1901 334 1960 saevis,
344 1902 435 1967 hospes
444 1903 565 1969 Troiane,
573 1907 675 1970 periclis
749 1914 755 1925 “·
903 1914 905 1969 i

104 1967 745 2039 Servatifaeimus‚meritosqnenovamushonorcs.
903 1972 904 1993 ¹

103 2038 161 2084 Jam
170 2039 281 2102 primum
291 2044 358 2090 saxis
369 2061 515 2111 suspensam
524 2047 589 2109 hanc
597 2049 696 2115 adspice
704 2067 805 2117 rupem

103 2107 218 2171 Disjcctae
226 2104 316 2174 procul
325 2125 354 2161 ut
363 2116 452 2174 moles,
463 2117 608 2183 desertaque
617 2108 712 2170 mo‘ntis

103 2179 157 2225 Stat
166 2180 267 2240 domus,
277 2194 301 2231 et
311 2185 408 2249 scopuli
417 2187 546 2250 ingentem
554 2201 653 2239 traxere
661 2191 770 2243 ruinam.
819 2188 823 2199 ⁴

102 2246 149 2295 Hic
159 2250 276 2313 spelunca
285 2251 346 2313 fuit,
355 2267 426 2304 vasto
435 2258 552 2307 submota
562 2274 674 2325 recessu,

102 2318 278 2369 semihominis
289 2324 346 2371 Caci
355 2325 429 2375 facies
439 2344 516 2392 quam
525 2330 579 2378 dira
587 2331 702 2394 tenebat,

73 2416 78 2427 ·
101 2387 166 2434 Solis
175 2391 323 2440 inaccessam
334 2394 421 2454 radiis3
432 2414 580 2465 semperque
589 2406 684 2451 recenti
754 2420 764 2449 s

100 2455 172 2504 Caede
181 2459 278 2520 tepebat
287 2462 394 2522 humns3
403 2468 553 2537 foribusque
561 2470 636 2527 affixa
645 2476 763 2540 superbis
793 2515 796 2519 >
826 2495 829 2499 ¹
903 2526 905 2537 ,

100 2526 152 2575 Ora
161 2525 244 2575 virtim
253 2530 320 2579 tristi
327 2534 468 2596 pendebant
475 2540 568 2603 pallida
577 2542 643 2592 taho.

48 2596 53 2601 ‘
98 2595 164 2644 Huic
175 2608 287 2659 monstro
295 2602 424 2669 Vulcanus
433 2620 486 2656 erat
495 2621 578 2674 pater:
588 2613 658 2662 iliius
666 2626 734 2664 atros
813 2653 817 2660 .

98 2663 669 2741 Ores-omensignes,maqnisemoieserehat.
778 2681 818 2731 Ἰν
