1825 3025
50 121 142 176 udin
298 117 431 164 LIBER
449 115 516 162 1⁶11.
734 133 768 179 79
826 106 840 141 ¹·

26 262 27 265 Ἴ
50 206 133 266 Qu'aru
141 203 164 252 si
173 203 232 267 quis
242 200 309 250 ferro
318 203 404 266 potuit
412 201 552 251 rescindere
562 216 689 250 summum

26 274 27 287 ¹
54 278 144 325 Ulceris
152 290 195 324 oe:
204 273 283 321 alitur
291 274 396 332 vitium,
405 273 520 337 vivitque
528 270 649 335 tegendo,

26 360 28 365 ·
55 350 117 395 Dum
127 346 235 394 medicea
243 343 362 392 adhibere
371 360 462 392 manus
471 344 504 392 ad
512 343 616 391 vulnera
624 355 710 407 pastor
780 352 782 361 ’

58 418 138 465 ebnco
122 428 177 482 g,at
185 426 230 464 aut
241 415 344 463 meliora
353 416 412 463 deos
421 414 489 463 sedet
498 415 582 463 omina
592 430 702 478 poscens

25 490 27 557 l
57 489 217 549 Quinetiam,
228 487 278 533 ima
287 482 359 534 dolor
368 485 499 534 balantum
508 485 602 551 lapsus
601 485 633 533 ad
640 501 695 533 ossa

25 588 26 591 =
58 561 139 620 Quum
148 558 211 606 furit
216 568 310 621 ,atque
319 568 389 605 artus
399 556 542 621 depascitur
551 555 620 605 arida
630 555 720 616 feltris,

57 631 271 678 Profuitincenaos
280 639 354 677 astus
362 639 485 689 avertere
495 639 520 676 et
527 629 597 676 iuter

57 703 105 749 Ima
115 700 188 749 ferire
196 699 268 764 pedis
277 699 407 747 salientem
415 701 537 763 sanguiue
545 712 649 756 venem,

57 773 149 820 bisalta
157 787 209 836 quo
218 786 287 818 more
297 771 390 829 solent,
400 786 505 835 acerque
516 768 639 827 Gelonus,

58 843 141 904 Quum
148 842 213 906 fugit
220 841 247 889 in
254 840 410 906 Rhodopen,
420 852 495 905 atque
502 839 631 888 indeserta
639 839 772 900 Getarum,

57 914 84 960 Et
92 916 130 961 lac
138 923 283 962 concretum
293 928 352 961 cum
362 913 485 976 sanguiue
493 921 564 976 potat
572 911 674 976 equino.

90 986 172 1046 Quam
179 983 270 1048 procul
279 994 322 1031 aut
332 982 404 1031 molli
414 984 545 1032 succedere
553 978 642 1046 saepius
651 978 747 1041 umbrat

58 1056 163 1113 Videris,
171 1064 217 1104 aut
225 1068 336 1103 summes
345 1066 489 1120 carpentem
499 1051 614 1117 ignavius
623 1050 728 1110 herbas,

58 1127 245 1190 Extremumque
254 1125 337 1189 sequi,
348 1136 393 1172 aut
403 1125 486 1172 medio
495 1121 658 1189 procumbere
667 1126 756 1188 c'empo

25 1208 26 1211 ’
58 1197 206 1255 Pascentem,
217 1206 242 1243 ct
251 1211 312 1244 serre
321 1196 398 1244 solam
409 1195 526 1243 decedere
535 1196 619 1254 noctu

59 1268 181 1316 (cutinus)
189 1266 320 1333 culpam
298 1266 365 1315 ferro
374 1283 514 1331 compesce,
520 1267 671 1349 priusquam

59 1339 115 1385 Dira
123 1354 168 1403 per
176 1339 308 1386 incautum
318 1348 419 1402 serpant
428 1339 541 1401 contagia
550 1337 650 1400 vulgus.

60 1409 114 1456 Non
122 1420 173 1457 tam
181 1402 268 1456 creber
278 1410 353 1471 egens
357 1408 471 1455 hiemem
481 1409 533 1455 ruit
543 1420 641 1471 aequore
650 1404 741 1466 turho,

62 1477 140 1540 Quium
148 1478 234 1529 multae
243 1480 370 1544 pecudum
380 1489 476 1544 pestes
485 1494 531 1527 nec
540 1477 638 1542 singula
647 1475 760 1527 morbi

62 1549 165 1616 (orpora
173 1551 380 1615 corripiunt„sed
391 1561 442 1599 tota
452 1551 536 1598 estiva
546 1549 660 1615 repente,

62 1622 179 1688 Spemque
192 1635 343 1687 gregemque
357 1621 433 1668 simul
439 1631 628 1686 cunctamque
636 1618 668 1666 ab
677 1619 774 1683 origine
829 1673 833 1680 x

160 1705 268 1767 gentem

94 1765 156 1813 Tum
165 1767 238 1824 sciat,
249 1763 327 1811 aerias
337 1766 413 1828 Alpes
423 1775 448 1811 et
458 1760 579 1812 Norica‘
560 1777 580 1808 st
590 1758 666 1832 quis

63 1832 174 1882 Castella
168 1853 196 1883 ιιι
205 1834 324 1893 tumulis,
335 1847 359 1883 et
369 1835 471 1900 Iapydis
479 1847 538 1881 arua
547 1821 667 1888 Timavi,

63 1903 131 1955 Nune
139 1919 241 1972 quoque
250 1907 307 1972 pdst
316 1916 388 1954 tauto
398 1905 494 1963 videat,
504 1904 649 1966 desertaque
658 1915 735 1963 regua
775 1949 777 1960 ,

63 1974 197 2034 Pastorum,
208 1986 233 2025 et
241 1977 316 2041 longe
325 1976 404 2025 saltus
413 1975 512 2039 lateque
520 1983 644 2022 vacantes.

96 2047 138 2109 llic
147 2048 276 2113 quondam
286 2046 376 2096 morbo
385 2046 442 2095 coeli
450 2043 591 2093 miseranda
601 2051 684 2091 coorta
695 2052 733 2090 est

47 2161 53 2184 s
64 2103 211 2181 Tempestas,
221 2128 327 2184 totoque
338 2118 456 2165 autumni
465 2114 597 2164 incanduit
606 2123 683 2173 aestu,

64 2185 91 2233 Et
100 2203 174 2251 genua
183 2206 257 2240 omne
267 2205 323 2238 neci
315 2188 458 2253 pecudum
468 2183 548 2245 dedit,
558 2201 632 2233 omne
641 2184 750 2234 ferarum
758 2221 765 2244 ,

65 2252 241 2344 corrupitque
234 2260 318 2320 lacus,
328 2259 414 2307 infecit
422 2256 515 2321 pabula
524 2253 590 2328 tahd.

64 2327 156 2378 Nerua
167 2333 256 2380 mortis
264 2348 292 2379 er
292 2342 318 2379 at
327 2328 446 2396 simplem
455 2328 499 2375 sed
508 2326 570 2389 ubi
562 2339 635 2391 ignea
643 2327 715 2376 renis

65 2398 182 2450 Omnibus
190 2412 245 2451 acta
254 2401 311 2449 sitia
317 2402 420 2448 miseros
428 2399 568 2447 adduxerat
577 2405 648 2446 artus
657 2434 664 2458 ,

64 2465 155 2519 Rursus
163 2470 306 2520 abundabat
315 2471 410 2520 fluidus
419 2471 516 2536 liquor,
526 2470 660 2536 omniaque
668 2469 697 2516 ‘in
707 2484 733 2517 se

64 2539 121 2587 ΟΜ
129 2544 273 2592 minutatim
281 2541 370 2591 morbo
379 2541 485 2606 collapsa
496 2540 617 2588 trahebat.

65 2608 127 2673 δῖφὶ
136 2614 267 2663 inhonore
277 2612 351 2660 deirm
360 2613 442 2659 medio
451 2623 520 2662 stans
527 2611 608 2657 hostia
618 2608 650 2656 ad
659 2623 726 2655 arum
735 2642 742 2666 ,

63 2678 139 2732 huet
147 2673 210 2734 durii
216 2683 291 2734 nivet
300 2682 470 2733 circumdatur
479 2679 559 2727 infula
567 2676 645 2736 rittd,
