1825 3025
322 18 326 43 ¹
623 5 688 35 'i
851 1 879 47 *l

877 54 879 91 f

145 138 185 208 st'
330 136 666 202 ononoiconuu
780 150 849 202 vso.
879 128 880 157 ¹

144 238 241 287 Desinit
250 246 306 285 ante
316 237 411 297 decern,
421 249 477 301 post
487 248 598 303 quatuor
604 234 705 301 incipit,
714 253 807 287 annos:
879 228 880 311 ᾗ

145 308 230 356 Cetera
239 325 284 356 uec
293 308 380 359 feturae
387 308 490 368 habitis,
499 325 545 357 nec
553 308 626 357 fortis
634 309 731 356 aratris.

144 381 254 438 Interea,
264 390 364 444 superat
373 380 491 443 gregibus
499 379 560 427 dnm
569 379 623 428 laeta
630 377 759 447 juventus,

145 449 217 498 Solve
225 450 317 509 'mares3
327 450 397 498 mitte
406 452 435 497 in
443 466 559 498 venerem
567 450 682 516 pecuaria
690 452 800 515 primus,

145 519 229 584 Atque
238 520 310 581 sliam
320 537 351 569 ex
359 521 406 568 alii
415 520 556 585 generando
565 519 651 571 suffice
658 520 763 585 prolem

146 591 247 655 Optima
256 607 360 656 quaque
370 591 422 639 dies
431 591 527 639 miseris
535 591 681 640 mortalibus
690 593 738 639 aevi

145 662 227 709 Prima
237 661 313 726 sugite
323 661 432 710 subeunt
441 661 537 721 morbi,
546 663 673 726 tristisque
682 674 805 723 senectus,

146 733 177 779 Et
184 732 266 791 labor,
277 744 300 780 et
310 733 379 780 durae
389 733 454 796 rapit
463 733 620 780 inclementia
629 733 724 781 mortis.
880 792 881 797 ¹

146 804 247 867 Semper
255 814 329 851 erunt
338 819 447 867 quarum
457 805 553 855 mutari
560 818 664 867 corpora
674 803 760 862 malis;
801 806 804 809 “
879 830 881 839 ‹

146 874 248 937 Semper
256 875 323 922 enim
333 873 418 922 refice:
428 891 469 934 ac,
478 891 510 922 ne
518 872 574 940 post
583 874 670 922 amissa
680 874 807 938 requiras,

146 943 315 1003 Anteveni,.et
325 944 440 995 sobolem
444 956 559 992 armento
568 945 627 992 sorti
631 961 657 991 re
665 956 728 1008 quot
737 945 826 1001 annis..
844 957 847 963 ’

181 1017 294 1064 Necnon
302 1025 327 1062 et
335 1017 419 1079 pecori
429 1027 465 1062 est
474 1015 540 1062 idem
549 1010 657 1063 delectus
665 1016 766 1079 equino.
852 1046 856 1053 ‹

147 1086 186 1132 Tu
195 1083 280 1143 modo,
290 1102 354 1149 quos
362 1086 389 1133 iu
399 1103 468 1150 spem
477 1096 569 1133 statues
577 1085 722 1133 submittere
731 1086 819 1153 gentis,

146 1156 303 1218 Praecipuum
308 1155 361 1218 jam
369 1156 428 1205 inde
437 1173 451 1203 a
461 1156 553 1203 teneris
560 1152 676 1220 impende
684 1155 800 1205 laborem.

147 1225 275 1273 Gonti-nnb
282 1227 378 1289 pecoris
387 1228 501 1291 generosi
509 1226 594 1291 pullus
602 1228 630 1274 in
639 1226 707 1274 arvis

147 1294 230 1343 Altiirs
238 1296 392 1360 ingreditur,
401 1308 426 1345 et
436 1297 521 1346 mollia
530 1313 603 1344 crura
613 1297 712 1360 reponit
722 1315 728 1344 :

147 1366 246 1414 Primus
254 1378 279 1414 et
287 1369 324 1415 ire
333 1368 399 1415 viam
409 1379 433 1415 et
442 1368 535 1416 fluvios
543 1377 637 1414 tentare
646 1367 755 1416 minaces

148 1436 242 1495 Audet,
251 1447 276 1485 et
284 1438 371 1501 ignoto
380 1456 433 1501 sesex
440 1438 594 1487 committere
603 1438 688 1502 ponti:
771 1470 775 1473 -
820 1464 823 1468 ι

125 1557 129 1562 ,
148 1507 203 1557 Neo
208 1515 285 1560 vanos
292 1509 379 1558 horret
388 1512 516 1573 strepitus.
526 1508 566 1556 Illi
576 1509 653 1556 ardua
661 1508 761 1572 cervix,

147 1580 324 1645 Argutumque
333 1590 419 1644 caput,
428 1580 513 1628 brevis
522 1579 604 1637 alvus,
613 1578 736 1644 obesaque
746 1591 810 1648 terga
819 1598 825 1641 3

147 1650 319 1716 Luxuriatque
328 1653 390 1699 toris
399 1652 541 1698 animosum
552 1649 761 1714 pectus'llonesti

148 1720 275 1785 Spadises‚
285 1722 429 1786 glaucique3
439 1721 511 1769 color
520 1720 668 1769 deterrimus
677 1720 756 1781 albis,

148 1793 178 1839 Et
187 1792 260 1855 gilvo
272 1795 349 1851 ihm,
358 1795 381 1841 si
390 1809 440 1858 qua
450 1809 542 1840 sonum
550 1790 639 1856 procul
647 1807 715 1838 arma
725 1791 825 1851 dedere,

148 1864 218 1910 Stare
227 1862 282 1911 loco
291 1864 381 1922 nescit,
390 1866 466 1911 micat
475 1862 591 1921 auribus,
600 1872 625 1909 et
634 1863 718 1910 tremit
726 1874 811 1923 artus,

149 1932 336 1998 collectumque
344 1949 460 1998 premens
469 1932 548 1982 volvit
557 1932 604 1981 sub
611 1931 716 1981 naribus
724 1933 813 1997 ignem.

107 2000 112 2004 ’
148 2005 230 2050 Densa
235 2002 309 2066 juba,
317 2015 341 2051 et
350 2004 440 2052 dextro
447 2004 539 2067 jactata
548 2002 670 2064 recumbit
679 2004 707 2050 in
716 2020 793 2054 armo.

149 2075 183 2120 At
192 2072 286 2137 duplex
294 2075 378 2137 agitur
385 2091 433 2138 per
439 2073 541 2123 lumbos
549 2075 631 2138 spina:
640 2085 761 2140 cavatque

149 2143 286 2201 Tellurem,
295 2154 320 2191 et
329 2144 409 2193 solido
417 2145 528 2208 graviter
536 2156 608 2196 sonat
616 2144 710 2208 ungula
719 2137 806 2194 cornsi.

149 2214 216 2261 Talis
223 2214 342 2278 Amyclaei
351 2214 462 2264 domitus
472 2216 579 2264 Pollucis
587 2215 692 2264 habenis
759 2241 763 2244 ·

150 2284 275 2348 Cyllarus,
285 2295 321 2342 et,
331 2301 442 2348 quorum
453 2287 523 2335 Graii
532 2287 666 2334 meminere
674 2289 766 2350 poe'tae,

150 2355 239 2401 Martis
247 2355 307 2417 eqni
315 2355 424 2419 bijuges,
434 2367 459 2405 et
469 2356 553 2419 magni
562 2369 653 2404 currus
661 2357 770 2404 Achilli:

149 2423 216 2474 Talis
225 2433 248 2469 et
257 2424 404 2488 ipsejubam
413 2428 509 2474 cervice
518 2424 607 2473 effudit
614 2426 709 2492 'equini
830 2422 852 2436 ’“

151 2492 269 2556 Conjngis
278 2494 387 2545 adventu
395 2496 486 2559 pernix
496 2496 631 2557 Saturnus,
642 2508 665 2544 et
674 2497 753 2544 altum
821 2495 826 2500 '

150 2563 236 2611 Pelion
243 2565 347 2613 hinnitu
356 2566 455 2629 fugiens
463 2564 576 2630 implerit
584 2577 666 2614 acuto.

143 2634 225 2682 *nnnc
232 2650 345 2699 quoqne,
352 2635 398 2685 ubi
404 2646 448 2686 aut
456 2633 546 2684 morbo
553 2637 646 2703 gravis,
654 2647 697 2685 aut
703 2635 756 2701 jam
766 2631 854 2697 segni&

237 2720 323 2772 aunis,
