1825 3025
59 114 123 176 uqi.
289 111 510 161 ‹ttnlzttllt
721 111 754 177 62
832 149 835 156 ,

59 198 148 258 Deficit,
157 199 219 247 abde
228 198 315 256 domc;
325 214 370 246 uec
379 198 450 261 turpi
457 198 556 259 ignosce
564 209 674 245 senectae.

58 270 160 333 Frigidus
168 272 195 318 in
205 285 320 316 venerem
329 268 425 326 senior,
435 267 694 331 frustraque'lnboreru

58 341 174 403 Ingratum
180 341 269 398 trahit3
279 350 315 397 et,
325 340 346 386 si
353 339 454 403 quaudo
461 338 492 386 ad
498 336 583 402 proelia
591 349 692 386 ventum
699 349 749 399 est,
810 336 814 345 '

58 411 87 458 Ut
94 412 213 475 quondam
222 412 252 458 in
260 410 358 475 stipulis
367 426 473 473 magnus
481 410 534 456 sine
543 408 638 456 viribus
647 409 726 472 ignis,

59 481 170 529 lucanum
179 482 249 529 furit.
259 482 325 545 Ergo
334 482 429 529 animos
438 478 569 544 aevumque
578 478 675 527 notabis

59 551 181 617 Praecipud3
188 548 251 600 binc
259 551 319 599 alias
327 563 405 610 artes,
414 551 560 616 prolemque
569 561 699 613 pareutum
708 584 716 608 ,

58 621 83 668 Et
90 625 142 686 quis
149 622 240 687 ruique
250 619 320 670 dolor
330 623 409 681 victo,
418 638 475 686 quae
484 622 562 685 gloria
572 619 666 685 palmae.

58 691 136 742 Nonne
144 695 222 752 vides,
233 709 313 757 quum
322 694 443 757 praecipiti
453 692 586 742 certamine
595 706 710 754 campum

58 760 205 828 Corripuere,
214 774 344 828 ruuntque
354 762 426 811 effusi
435 780 531 811 carcere
539 779 629 811 currus
639 778 646 820 3

59 831 134 892 Quum
141 852 195 899 spes
204 845 305 882 arrectae
311 830 448 897 juvenum,
457 834 655 896 exsultantiaque
664 831 750 881 haurit

58 902 127 952 surda
134 922 211 988 pavor
219 905 336 968 pulsans?
346 904 384 951 illi
394 905 488 951 instant
497 903 597 953 verbere
607 900 690 963 torto,
740 946 747 971 ,

59 972 83 1018 Et
91 991 159 1037 proni
151 976 228 1022 dant
236 974 301 1033 lora;
311 974 379 1023 volat
388 990 413 1021 vi
407 973 535 1022 'fervidus
544 975 608 1022 axis:

58 1044 152 1109 Jamque
159 1045 296 1108 humiles,
286 1062 388 1114 Jamque
399 1044 457 1092 elati
466 1044 570 1093 sublime
579 1044 697 1092 videntur

58 1113 113 1161 Aera
120 1134 163 1183 per
171 1133 277 1165 vacuum
287 1116 346 1164 ferri
352 1126 444 1180 ,atque
453 1131 579 1179 assurgere
588 1117 705 1162 inauras

58 1186 103 1232 Nec
111 1203 187 1245 mora,
197 1204 242 1235 uec
252 1188 362 1251 requies3
372 1197 397 1233 at
406 1186 481 1233 fulvae
490 1183 591 1234 nimbus
599 1201 679 1233 arenae

59 1255 166 1316 'follitum
174 1258 325 1306 humescunt
334 1257 430 1321 spumis
439 1257 551 1321 flatuque
560 1267 723 1321 sequentum:

59 1325 142 1375 Tantus
149 1345 218 1376 amor
226 1328 343 1386 laudum,
354 1338 428 1374 tautae
437 1338 474 1377 est
484 1328 585 1375 victoria
595 1327 675 1374 curte!

89 1397 181 1447 Primus
187 1395 366 1447 Erichthonius
375 1400 466 1445 e'urrus
476 1408 501 1444 et
510 1408 618 1461 quatuor
626 1402 713 1444 ansus*

60 1466 156 1530 iungere
165 1486 254 1536 equos,
265 1468 416 1533 rapidusque
427 1468 489 1517 rotis
497 1468 609 1518 insistere
617 1469 705 1516 vietor.

60 1538 127 1585 Frena
135 1542 283 1589 Pelethronii
292 1541 401 1603 Lapithae
411 1556 535 1604 gyrosque
545 1538 633 1588 deddre
643 1573 650 1597 ‚

61 1608 159 1671 Impositi
167 1613 252 1670 dorso;
263 1622 338 1675 atque
347 1612 456 1674 equitem
466 1610 571 1657 docuere
581 1608 627 1657 sub
636 1608 710 1658 armis

61 1678 168 1729 Insultare
177 1683 241 1738 solo,
251 1693 276 1729 et
286 1692 382 1749 gressus
392 1680 528 1764 glqrncrare
538 1678 665 1743 superbos.

60 1750 150 1813 Aequus
159 1764 263 1817 uterque
272 1752 355 1799 labor:
366 1751 437 1814 aeque
444 1749 612 1813 juvenemque
621 1746 733 1810 magistri
800 1747 802 1750 '

60 1818 200 1884 liquimus,
210 1823 368 1886 calidumque
377 1822 468 1868 animis
477 1832 501 1866 et
510 1817 625 1867 cursibus
634 1833 728 1876 acrem3

61 1888 167 1955 Quamvis
175 1911 237 1958 saepe
227 1891 305 1957 fuga
315 1908 398 1939 versos
407 1891 448 1938 ille
457 1890 536 1953 egerit
545 1889 643 1947 hostes,

61 1959 85 2006 Et
92 1965 189 2025 patriam
197 1965 302 2032 Epirum
312 1963 414 2019 referat,
423 1962 549 2024 sortesque
558 1960 691 2023 Mycenas,

60 2030 206 2099 Neptunique
217 2033 270 2098 ipsi
279 2033 385 2087 deducat
394 2032 492 2096 origine
501 2042 606 2095 gentem.

87 2104 127 2153 llis
135 2106 322 2162 animadversis,
332 2105 426 2152 instant
435 2101 483 2150 sub
492 2107 604 2166 tempus,
612 2111 638 2148 et
646 2114 732 2148 omues

60 2170 196 2236 Iupendunt
205 2193 277 2225 curas
286 2176 362 2224 denso
372 2172 510 2222 distendere
518 2171 608 2236 pingui

61 2240 130 2301 Quem
137 2246 218 2311 legere
228 2247 317 2295 ducem
327 2256 351 2293 et
359 2260 443 2309 pecori
436 2242 537 2289 dixere
547 2240 680 2289 meritum.

59 2311 217 2390 pubentesque
226 2327 309 2365 secant
318 2311 407 2364 herbas
412 2311 569 2377 ,fluviosque
579 2313 737 2371 ministrant,

58 2383 180 2452 Farraqne,
189 2405 221 2436 ne
214 2379 323 2438 blando
331 2396 437 2450 nequeat
445 2400 569 2449 superesse
578 2382 672 2443 labori,

58 2452 200 2567 Invalidique
209 2467 310 2522 patrum
319 2454 442 2504 ret'erant
431 2454 527 2519 jejunia
536 2454 597 2501 uati

58 2523 104 2586 Ipsa
111 2540 192 2576 autem
201 2529 279 2576 macie
288 2537 397 2578 tenuant
400 2536 511 2573 armenta
520 2524 645 2570 volentes:

57 2593 160 2659 Atque,
151 2598 194 2645 ubi
204 2596 353 2646 concubitus
361 2596 455 2660 primos
462 2594 514 2656 jam
522 2603 582 2639 nota
591 2588 707 2650 voluptas

57 2663 166 2715 Sollicitat
170 2667 337 2733 frondesque
345 2675 450 2729 negant
458 2674 484 2709 et
493 2659 605 2709 fontibus
613 2666 711 2705 arcent
703 2687 717 2722 ,

339 2837 345 2859 Ι
