1825 3025
124 73 175 128 „4
241 43 244 50 “
366 63 584 115 luurruos
679 65 854 129 meo,

122 153 154 200 Et
162 150 276 199 comitem
285 148 386 200 Aenean
393 150 468 216 juxta
477 162 616 217 natumque
623 149 726 210 tenebat

122 220 279 285 Ingrediens,
288 222 409 287 varioque
418 224 484 269 viam
493 239 607 284 sermone
615 222 721 272 levabat.

122 293 242 349 Miratur,
252 291 385 358 facilesque
394 294 481 341 oeulos
489 293 537 342 fert
546 294 629 342 omnia
639 295 751 354 circum,

122 365 231 420 Aeneas,
238 363 387 428 capiturque
396 364 471 423 locis;
480 375 505 413 et
513 365 611 429 singula
622 365 695 413 laetns

121 432 290 504 Exquiritque
299 434 420 500 auditque
429 434 513 484 virrim
522 443 685 484 monumenta
693 435 828 499 priorum.

122 504 189 549 Tum
199 519 244 551 rex
253 504 397 566 Evandrus,
406 508 524 554 Romanae
532 507 650 556 conditor
658 509 735 555 arcis:

122 573 180 621 Haec
189 577 290 622 nemora
299 576 422 639 indigente
430 578 510 624 Fauni
517 579 693 643 Nymphaque
702 578 847 642 tenebant,

122 645 240 709 Gensque
248 644 334 694 viriim
343 648 439 696 truncis'
448 659 473 695 et
482 648 547 695 duro
556 648 646 697 robore
654 661 725 708 nata,
857 711 860 720 ,

123 712 202 776 Queis
217 733 299 782 neque
315 734 368 765 mos
377 753 388 776 ,.
400 735 481 783 neque
494 719 578 767 cultus
592 732 661 781 erat3
678 737 724 769 nee
733 719 860 789 iungere

145 843 147 848 ,
211 798 310 847 tauros,

121 853 175 907 Aut
184 873 334 922 componere
343 858 403 923 opes
411 861 514 918 norant,
523 871 568 908 ant
574 876 677 924 parcere
684 872 775 927 parto3

122 913 171 973 sel
181 930 254 985 rami,
265 940 340 992 atque
349 947 422 994 asper
429 931 497 977 victu
508 943 614 979 venatus
622 931 712 981 alehat.

121 996 222 1045 Primus
230 999 262 1046 nb
270 1001 374 1048 etherio
383 1002 451 1049 venit
462 1004 586 1049 Saturnus
594 1002 712 1069 olympo,

121 1066 199 1115 Arma
207 1057 279 1117 iovis
289 1070 401 1133 fugiens,
411 1083 436 1119 et
446 1073 529 1135 regnis
538 1073 612 1134 exsul
619 1074 752 1139 ademptis.

121 1137 148 1184 Is
157 1152 235 1199 genus
244 1136 353 1198 indocile
361 1140 389 1189 ac
401 1142 543 1207 dispersum
551 1143 682 1196 montibus
690 1147 747 1196 altis

122 1207 282 1271 Composuit,
291 1209 412 1276 legesque
417 1214 499 1273 dedit,
508 1216 657 1280 Latiumque
664 1219 749 1269 vocari
767 1275 770 1276 ⁷

121 1275 225 1338 Maluit,
234 1280 274 1328 his
284 1284 404 1346 quoniam
413 1284 528 1333 latuisset
536 1297 607 1334 tutus
616 1289 644 1335 in
653 1289 711 1337 oris.

121 1349 206 1398 Aurea
215 1368 271 1415 qnae
279 1354 425 1417 perhibent,
435 1356 481 1406 illo
489 1353 540 1404 sub‘
548 1373 604 1419 rege
612 1357 721 1408 fuerunt
752 1356 756 1363 ’

81 1432 83 1438 ·
122 1421 227 1481 Saeeula;
237 1423 273 1470 sic
282 1424 377 1488 placida
387 1427 496 1490 populos
505 1428 534 1475 in
539 1423 600 1494 pac'e
610 1429 723 1492 regebat:

120 1490 238 1542 Deterior
246 1494 324 1544 donee
332 1497 453 1561 paulatim
463 1515 491 1545 ao
500 1497 602 1548 decolor
610 1512 682 1561 aetas,

121 1562 153 1611 Et
161 1563 221 1613 belli
230 1565 321 1626 rabies,
332 1561 436 1618 elamor
445 1573 564 1619 successit
571 1570 688 1620 habendi.

86 1648 90 1652 ·
121 1634 188 1681 Tum
197 1629 408 1701 manusllnsonia
419 1651 443 1687 et
453 1653 538 1702 gentes
547 1641 637 1690 vendre
647 1645 756 1706 Sicanae3

84 1728 87 1733 =
121 1705 217 1769 S'aepius
225 1719 250 1755 et
259 1724 350 1757 nomen
359 1713 446 1774 posuit
457 1709 574 1760 Saturnia
583 1713 671 1762 tellus:

121 1776 187 1824 Tum
198 1793 279 1841 reges,
289 1796 411 1845 asperque
421 1781 525 1833 immani
534 1800 640 1848 corpore
649 1784 772 1850 Thybris,

120 1847 146 1895 A
155 1863 206 1910 quo
213 1850 272 1914 pdst
280 1851 337 1898 Itali
346 1851 454 1900 fluvium
464 1856 612 1916 cognomine
622 1856 746 1920 Thybrim

68 1918 73 1927 ⁴
120 1917 251 1979 Diximus3
261 1922 344 1971 amisit
353 1940 444 1989 verum
452 1935 525 1989 vetus
533 1925 626 1973 Albula
634 1935 735 1976 nomen„

120 1988 164 2036 Me
172 1990 276 2052 pulsnm
283 1991 377 2057 patrii,
386 1995 519 2060 pelagique
528 1990 638 2044 extrema
648 2011 812 2065 sequentem,

120 2061 232 2108 Fortuna
241 2064 399 2127 omnipotens
408 2076 433 2112 et
443 2062 602 2133 ineluctabile
610 2067 691 2118 saturn

64 2132 66 2135 “
121 2129 167 2176 His
175 2146 280 2193 posuere
289 2134 362 2194 locis,
372 2137 509 2201 matrisque
517 2137 589 2202 egere
598 2142 730 2190 tremenda

51 2217 61 2227 «
122 2198 260 2250 Carmentis
268 2205 391 2269 Nymphae
400 2209 506 2268 monita,
516 2221 541 2257 et
549 2209 611 2259 deus
619 2223 707 2265 auctor
716 2213 820 2278 Apollo.

121 2269 173 2316 Vix
182 2287 209 2318 ea
219 2271 296 2331 dicta3
306 2274 396 2324 dehine
404 2294 553 2343 progressus
561 2292 686 2332 monstrat
694 2295 720 2332 et
730 2301 814 2349 amru,

121 2339 153 2388 Et
163 2339 341 2392 Carmentalem
351 2349 465 2398 Romano
474 2353 577 2399 nomine
583 2364 684 2416 portam

44 2466 46 2477 ‚
123 2404 206 2472 Qnain
218 2427 368 2491 memorant,
379 2420 503 2486 Nymphae
514 2422 627 2488 priscum
641 2425 784 2517 Ganuenta}
796 2429 846 2481 boe

205 2494 208 2500 '
227 2498 328 2544 norem,

121 2550 191 2599 Vatis
200 2552 316 2614 fatidicae,
326 2557 415 2607 cecinit
424 2576 481 2623 quae
490 2561 570 2626 prima
579 2561 701 2617 lutmoa‘·

119 2621 247 2675 Aeneadas
255 2638 371 2689 magnos,
380 2637 405 2677 et
414 2629 498 2680 nobile
507 2633 669 2697 Pallanteum.
