1825 3025
57 112 158 161 ’.δὴ
307 108 437 159 LIBER
453 112 531 159 111.
725 112 773 159 sax

57 196 163 248 Foedera
172 195 292 255 turbasti,
302 209 376 262 teque
384 198 436 246 haec
446 200 473 246 in
483 198 545 245 bella
556 197 659 246 dedisti:

57 272 91 319 Et
101 284 171 316 nuuc
181 267 348 333 nequidquam
358 269 433 326 fallis,
444 269 495 318 dea.
506 269 619 334 Sedquis
627 268 729 334 olympo
771 298 772 301 =
795 315 798 318 ,

57 340 199 389 Demissam
209 350 291 387 tantos
300 339 380 388 voluit
389 351 413 386 te
422 340 486 388 ferre
496 339 591 388 labores
599 342 611 386 Ρ

56 414 102 460 Au
112 409 196 457 fratris
206 410 290 457 miseri
298 408 377 458 letum
388 421 416 458 ut
426 411 525 459 crudele
535 411 650 458 videres?

57 482 126 532 Nam
134 479 196 544 quid
203 482 316 544 ago?aut
323 480 434 545 quaejam
441 481 546 546 spondet
552 483 653 530 fortuna
661 482 778 533 salutem

56 551 121 599 Vidi
130 550 217 599 oculos
226 561 282 599 ante
290 552 343 615 ipse
352 567 418 599 meos
428 569 468 600 me
478 569 537 600 voce
547 564 677 600 vocantem

56 624 225 680 Murranum,
236 624 287 686 quo
296 638 349 669 nou
358 634 457 687 superat
467 623 528 670 mihi
538 623 618 672 carior
626 623 704 683 alter,

57 694 190 757 Oppetere'
195 693 332 756 ingentem,
342 704 417 756 atque
425 688 522 758 ingenti
530 693 634 741 vnlnere
645 694 748 742 victum.

57 762 159 811 Occidit
167 762 267 821 infelix,
277 780 309 811 ne
319 762 434 821 nostrum
444 764 550 813 dedecus
560 765 638 812 Ufens

58 832 218 896 Adspiceret:
229 834 318 882 Teucri
327 834 461 898 potiuntur
470 852 575 899 corpore
584 845 609 882 et
618 835 701 882 armis.

58 902 211 953 Exscindine
221 903 308 952 domos
318 905 359 971 (id
370 905 443 954 rebus
453 905 533 953 defuit
542 909 639 970 unum)

55 973 298 1038 Perpetiarl-dextri
307 992 353 1024 nee
363 977 468 1037 Drancis
478 976 548 1024 dicta*
554 976 682 1024 refellam?

57 1047 140 1108 Terga
147 1044 224 1092 dabo?
234 1056 258 1092 et
265 1047 381 1095 Turnum
390 1047 527 1112 fugientem
533 1048 585 1097 haec
592 1059 658 1096 terra
666 1043 778 1095 videbit?

57 1117 147 1181 Usque
153 1115 245 1164 adeone
251 1117 316 1164 mori
323 1118 441 1167 miserum
447 1119 501 1167 est?
510 1120 562 1167 Vos
569 1136 585 1167 o
591 1119 666 1178 mihi,
676 1120 777 1179 Manes,

58 1188 118 1235 llste
127 1185 199 1243 boni,
209 1188 327 1251 quoniam
338 1190 441 1253 Superis
450 1206 535 1238 aversa
544 1190 668 1239 voluntas.

59 1259 149 1306 Sancta
157 1256 189 1305 ad
198 1274 242 1306 vos
251 1259 345 1316 urrima,
355 1272 432 1324 atque
440 1261 513 1307 istius
522 1260 598 1307 inscia
608 1261 687 1323 culpas
696 1295 703 1319 ,

59 1328 225 1387 Desceudam,
236 1344 383 1393 magnorum
389 1330 458 1378 haud
466 1345 586 1393 umquam
594 1329 712 1394 indignus
720 1346 778 1381 avo·

149 1415 215 1447 rum.

60 1471 112 1518 Vix
121 1486 148 1519 ca
158 1470 224 1518 fatus
235 1479 299 1529 erst3
309 1466 402 1517 medios
412 1465 480 1516 volat
489 1482 544 1517 ecce
553 1482 598 1532 per
607 1468 691 1518 hostes

60 1543 154 1589 Vectus
163 1557 228 1605 equo
237 1550 367 1605 spumante
378 1541 462 1597 Saces,
471 1538 573 1587 adversa
583 1539 670 1603 sagitti

60 1612 165 1660 Saucius
175 1628 231 1669 ora;
243 1612 356 1675 ruitque,
366 1610 504 1676 implorans
514 1610 614 1658 nomine
625 1613 756 1660 Turnum:

60 1685 158 1740 Turne,
167 1682 195 1729 in
204 1675 229 1730 te
238 1697 354 1746 suprema
364 1681 443 1740 salus;
453 1681 569 1729 miserere
580 1691 691 1728 tuorum.

61 1752 185 1800 Fulminat
194 1755 288 1801 Aeneas
299 1752 386 1812 armis;
396 1767 555 1816 summasque
565 1751 676 1799 minatur

59 1821 224 1885 Dejecturum
232 1838 299 1872 arces
310 1820 413 1881 Italiam,
423 1822 570 1885 excidioque
580 1821 715 1882 daturum

59 1897 168 1957 Jamque
177 1894 241 1941 faces
250 1894 282 1942 ad
291 1904 355 1942 tecta
365 1893 463 1940 rolant:
473 1892 501 1939 in
511 1903 535 1939 te
544 1908 588 1940 ora
597 1893 677 1939 latini
687 1927 695 1952 ,

59 1967 92 2012 In
101 1974 126 2011 te
135 1964 220 2012 oculos
230 1964 357 2012 referunt:
368 1974 463 2011 mussat
474 1979 518 2010 rex
527 1964 580 2026 ipse
589 1963 693 2010 Latinus

60 2034 134 2095 Quos
143 2050 244 2098 generos
254 2045 336 2091 vocet,
346 2044 390 2081 aut
401 2050 459 2098 quae
469 2050 521 2081 sese
530 2033 561 2080 ad
572 2033 663 2082 foedera
672 2032 764 2082 flectat.

59 2106 180 2153 Praeterea
190 2106 285 2168 regina,
295 2104 334 2152 tui
344 2103 474 2163 fidissima,
487 2101 575 2152 dextri

60 2174 158 2223 Occidit
167 2175 219 2239 ipsa
229 2175 286 2232 sui,
296 2175 428 2239 lucemque
436 2175 555 2222 exterrita
565 2174 638 2239 fugit.

60 2245 114 2294 Soli
123 2261 169 2309 pro
178 2246 257 2309 portis
267 2247 396 2311 Messapus
407 2257 431 2293 et
440 2262 497 2294 acer
506 2246 594 2294 Atinas

60 2315 206 2370 &ostentant
216 2317 302 2375 aciem3
312 2318 407 2365 circum
416 2317 464 2365 hos
474 2317 601 2380 utrimque
610 2314 744 2381 phalanges

61 2388 134 2435 Stant
144 2386 236 2446 donau,
246 2386 389 2452 strictisque
398 2401 466 2451 seges
476 2386 638 2435 mucronibus
647 2386 735 2434 horret

61 2461 160 2508 Ferrea:
171 2467 201 2505 tu
211 2473 314 2506 currum
324 2458 422 2506 deserto
430 2458 458 2505 iu
467 2458 577 2521 gramine
587 2473 669 2505 versas
679 2457 685 2503 !
746 2479 749 2484 >
787 2503 790 2510 ,

61 2517 235 2593 &Obstupuit
243 2527 310 2578 varii
320 2529 439 2576 confusus
448 2527 555 2591 imagine
565 2544 649 2575 rerum

61 2600 177 2658 Turnus,
188 2608 213 2647 et
222 2598 315 2648 obtutu
324 2599 399 2648 tacito
409 2600 489 2646 stetitz
498 2609 586 2647 aestuat
595 2599 683 2662 ingens
750 2598 753 2603 ’

62 2668 239 2720 Uuoiucorde
249 2669 485 2736 pudor,'mixtoque
494 2670 590 2718 insania
599 2669 687 2729 luctu,
758 2727 761 2734 s
