1825 3025
124 181 173 226 seo
365 157 613 221 snusrnos‘
743 156 844 237 usqe.

121 265 251 326 Nusquam
260 261 321 309 acies
331 257 415 309 contri
425 260 543 317 Rutulas,
556 258 625 307 nulla
633 261 732 323 agmina
741 261 844 309 Turni:

83 366 85 371 ·
122 333 211 382 Infelix
219 346 308 396 pugnos
314 331 432 395 juvenem
440 332 468 378 in
476 331 608 378 certamine
617 326 698 378 eredit

121 403 289 467 Exstinetum3
298 406 334 467 et,
344 401 427 450 subito
436 412 544 449 mentem
552 400 651 449 turbata
661 401 748 449 dolore
757 436 765 459 ,

121 477 151 521 Se
160 490 257 522 eausam
267 474 354 543 clamat
362 473 506 537 crimenque
514 483 638 539 caputque
647 472 788 532 malorum3

120 544 252 609 Multaque
260 560 306 609 per
314 554 426 590 maestum
436 543 535 589 demens
543 543 615 589 eflista
625 542 753 600 furorem,

120 617 262 680 Purpureos
271 615 393 662 moritura
402 629 479 659 manu
488 612 602 659 discindit
611 613 717 659 amictus
726 648 733 670 ‚

119 687 151 735 Et
159 685 255 734 nodum
263 684 376 732 informis
385 682 428 730 leti
437 683 505 731 tmbe
514 684 589 730 nectit
597 682 629 729 ab
637 682 694 730 alti.
789 738 794 742 ‚

121 756 204 817 Quam
213 755 305 804 cladem
316 752 409 801 miserae
418 766 551 818 postquam
560 770 675 817 accepere
684 752 793 813 meina,

65 842 70 849 “
116 809 178 874 bilia
188 827 267 890 prima
278 842 354 873 manu
365 824 440 873 llavos
450 826 549 872 Lavinia
559 826 638 871 crines

119 898 150 945 Et
161 913 243 945 roseas
253 897 342 945 laniata
353 912 439 959 genas5
450 906 505 942 tum
514 905 592 942 cetera
603 890 698 942 cirrum

120 968 203 1015 Turba
214 968 287 1016 furit:
299 978 417 1014 resonant
427 966 476 1014 late
485 964 645 1029 plangoribus
655 965 727 1012 meles.

108 1039 184 1087 ‘ilinc
195 1046 272 1086 totam
281 1037 371 1084 infelix
381 1037 499 1100 vulgatur
509 1037 573 1082 fama
581 1052 625 1099 per
636 1035 733 1082 urbem.

119 1111 262 1157 Demittunt
273 1098 380 1154 mentes:
390 1108 411 1153 it
421 1107 495 1156 scissi
505 1117 572 1154 veste
581 1107 700 1165 latinus,

120 1179 239 1242 Conjugis
249 1178 371 1225 attonitus
381 1178 438 1224 fatis
449 1177 568 1242 urbisque
579 1176 667 1234 ruini,

100 1276 104 1287 ·
120 1249 239 1296 Canitiem
249 1247 381 1295 immundo
390 1249 517 1311 perfusam
527 1247 629 1311 pulvere
639 1258 761 1312 turpans;
802 1243 806 1247 ’

119 1319 267 1384 [Multaque
278 1335 303 1367 se
313 1320 411 1366 incusat
422 1320 467 1383 qui
477 1334 528 1366 non
538 1316 657 1381 acceperit
667 1319 724 1365 anti
739 1358 744 1363 .

119 1384 274 1446 Dardanium
284 1391 398 1446 Aenean,
408 1381 577 1453 generumque
586 1388 716 1435 adsciverit
726 1387 801 1437 ultro.
811 1389 823 1453 ]

154 1464 252 1511 Interea
262 1471 375 1509 extremo
385 1460 488 1507 bellator
497 1461 524 1506 in
534 1475 633 1523 aequore
643 1460 747 1506 Turnus

118 1533 231 1581 Palantes
241 1534 356 1597 sequitur
364 1548 457 1595 paucos
464 1566 470 1587 ‚
477 1531 529 1593 jam
539 1531 648 1593 segnior,
658 1542 734 1594 atque

119 1607 176 1651 Jam
187 1603 269 1653 minus
279 1614 354 1667 atque
363 1600 447 1649 minus
457 1613 572 1649 successu
582 1602 652 1648 laetus
663 1617 793 1666 equorum.
812 1623 814 1626 ·

119 1674 213 1723 Attulit
223 1675 292 1721 huno
301 1674 339 1721 iili
346 1673 417 1721 'caeeis
428 1670 567 1719 terroribus
577 1678 637 1719 aura

120 1745 291 1793 Commixtum
301 1744 445 1810 clamorem,
457 1754 614 1807 arrectasque
623 1741 722 1807 impulit
730 1758 801 1791 aures
821 1757 825 1762 ·

120 1815 235 1864 Confusse
246 1809 322 1862 sonus
333 1813 415 1872 urbis,
426 1825 451 1861 et
460 1813 582 1861 illaetabile
592 1830 716 1868 murmur.

119 1887 167 1933 Hei
176 1885 248 1933 milti!
259 1885 321 1950 quid
331 1896 400 1932 tanto
411 1883 549 1931 turbantur
557 1885 646 1931 moenia
656 1883 743 1931 luctu?

121 1956 215 2017 Quisve
226 1959 277 2004 ruit
288 1967 372 2006 tantus
384 1956 480 2002 diversi
490 1955 582 2003 elamor
590 1953 622 2001 ab
632 1953 693 2001 urbe
701 1955 718 2000 Ρ·

121 2028 160 2074 Sin
169 2028 214 2083 ait,
225 2027 387 2090 adductisque
396 2037 481 2073 amens
490 2025 603 2074 subsistit
612 2024 723 2072 habenis.
732 2031 735 2034 ’
781 2028 783 2030 ’
792 2026 794 2030 ’

120 2099 204 2161 Atque
212 2097 285 2155 huic,
295 2098 323 2150 in
333 2095 419 2144 faeiem
430 2113 503 2144 soror
513 2108 542 2143 ut
552 2111 670 2143 conversa
678 2095 777 2144 Metisci

44 2214 46 2218 ,
120 2168 221 2232 Aurigae
230 2183 383 2231 currumque
394 2178 418 2214 et
428 2172 507 2231 equos
517 2177 541 2213 et
552 2168 604 2215 lora
615 2165 727 2229 regebat,

120 2237 222 2285 Talibus
232 2239 340 2286 occurrit
350 2238 432 2285 diruis:
444 2236 509 2295 tlte,
517 2239 615 2295 Turne,
626 2253 760 2300 sequamur

119 2301 285 2371 Trojugeuas,
295 2307 344 2371 qud
354 2309 433 2372 prima
444 2308 509 2354 viam
519 2305 622 2355 vietoria
631 2307 734 2371 pandit3

121 2379 186 2424 Sunt
195 2378 237 2424 alii
246 2379 291 2443 qui
301 2389 364 2425 tecta
375 2394 451 2425 msnu
461 2377 591 2444 defendere
601 2378 706 2443 possim.

121 2448 219 2509 Ingruit
229 2448 323 2495 Aeneas
333 2448 414 2506 Italis,
425 2459 449 2495 et
458 2444 546 2513 proelia
555 2450 655 2496 miscet:
758 2447 760 2452 ’

119 2515 151 2561 Et
162 2532 207 2563 uos
217 2520 365 2564 saeva'munu
375 2520 503 2567 mittamus
513 2521 602 2567 funera
612 2520 722 2568 Teucris.

119 2584 174 2631 Nee
182 2601 287 2652 numero
296 2587 412 2646 inferior,
422 2606 513 2653 pugnae
522 2607 568 2638 nec
577 2590 687 2650 honore,
697 2583 797 2639 recedes

120 2653 222 2701 Turnus
232 2654 264 2701 ad
273 2655 339 2703 haee:
653 2657 661 2669 ”
726 2675 729 2678 ·

121 2722 236 2801 Qsoroq
246 2733 271 2775 et
281 2719 377 2774 dudum
386 2730 488 2791 agnovi,
499 2748 579 2796 quum
588 2733 669 2799 prima
679 2748 725 2797 per
735 2743 804 2780 arten
