1825 3025
136 53 190 126 ἰι
347 55 681 124 cuoncrconun
772 66 874 129 vam.

154 155 309 216 Auritosque
316 154 387 218 sequi
395 154 504 218 lepores,
513 163 568 201 tum
577 151 652 214 figere
661 152 745 220 &mas
774 163 779 176 “

155 227 264 288 Stuppea
273 234 431 288 torquentem
441 224 549 273 Balearis
558 223 659 270 verbera
668 223 768 283 fundae,

155 294 244 355 Quum
250 294 296 342 nix
302 295 350 341 alta
356 294 434 358 jacet,
444 295 547 357 glaciem
554 310 634 358 quum
640 293 745 342 flumina
752 294 867 345 trudunt.

190 364 260 424 Quid
268 375 423 430 tempestates
431 364 548 413 autumni
556 376 581 411 et
589 365 668 412 sidera
678 364 778 412 dicam?

153 434 237 497 Atque
242 468 250 492 ,
261 434 322 483 ubi
311 451 364 499 Jam
373 436 524 518 breviorque
533 434 585 483 dies
594 446 618 482 et
627 433 727 483 mollior
736 447 819 494 aestas,

153 505 218 565 Quae
226 505 382 587 vigilanda'
360 507 432 563 varis,
442 505 482 553 vel
492 521 572 586 quum
582 505 634 553 ruit
642 504 799 553 imbriferum
807 522 866 564 ver,

153 574 256 639 Spicea
245 592 297 640 Jam
306 578 398 640 eampis
408 591 489 640 quum
498 577 582 623 messis
591 576 731 634 inhorruit,
740 587 765 624 et
774 593 854 642 quum

153 648 300 695 Frumenta'
294 664 321 694 ιιι
330 646 406 694 viridi
414 643 507 711 stipuld
515 645 630 693 lactentia
639 646 759 709 turgent?

152 717 221 780 Saepe
229 731 289 780 ego‚·
294 733 377 781 quum
386 715 456 763 flavis
466 733 598 765 messorem
606 716 735 764 induceret
744 717 811 766 arvis

151 787 279 850 Agricola,
290 798 314 834 et
322 786 406 850 fragili
411 785 466 850 jam
475 788 607 852 stringeret
615 786 708 835 hordea
717 788 816 848 culmo,

151 858 243 905 Omnia
252 867 384 906 ventorum
392 871 543 907 concurrere
550 857 637 922 proelia
646 857 714 917 vidi,

152 927 216 989 Quae
225 928 351 996 gravidam
358 929 408 977 late
416 939 523 993 segetem
532 927 564 976 'ab
573 926 714 976 radicibus
706 927 764 976 lmis

151 997 263 1048 Subl'nni
272 998 401 1062 expulsam
409 1009 539 1058 eruerent3
549 998 583 1045 ita
592 998 728 1049 turbine'
701 1014 775 1062 mgro

150 1071 236 1116 Ferret
241 1068 321 1116 haeum
328 1059 490 1134 culmumque
497 1068 577 1117 levem
584 1068 737 1138 stipulasque
743 1067 861 1126 volantes

151 1138 220 1202 saepe
228 1139 460 1187 etiam1mmensum
469 1139 532 1198 coelo
541 1140 609 1187 venit
618 1156 706 1203 agmen
713 1155 851 1205 aquarum,

125 1235 128 1244 .
150 1209 182 1270 Et
191 1208 280 1257 foedam
289 1209 426 1279 glomerant
436 1220 606 1276 tempestatem
614 1208 737 1258 imbribus
746 1211 806 1258 atris

151 1265 264 1338 Collectae
273 1297 305 1328 ex
313 1269 364 1329 alto
372 1280 464 1339 nubes;
476 1282 528 1329 ruit
537 1281 630 1328 arduus
638 1279 732 1341 ather,

150 1351 181 1398 lu
190 1349 291 1413 pluvii
283 1354 379 1415 ingenti
387 1361 439 1400 sata
447 1351 505 1399 lata
513 1351 640 1414 boumque
648 1350 745 1399 labores

148 1419 243 1480 Diluit3
254 1422 390 1486 implentur
398 1422 483 1481 fossae,
493 1433 517 1470 ct
525 1438 584 1471 cava
594 1421 698 1469 flumina
707 1432 821 1470 crescunt

133 1540 134 1545 ,
151 1490 215 1540 Cum
223 1491 320 1552 sonitu,
330 1493 457 1559 fervetque
467 1492 538 1541 fretis
546 1491 698 1558 spirantibus
706 1508 802 1557 aequor.

150 1564 206 1628 lpse
213 1574 296 1628 pater,
306 1562 386 1613 medii
395 1563 542 1612 nimborum
551 1565 579 1611 in
588 1574 674 1624 nocte,
683 1564 787 1613 corusci

149 1634 263 1682 Fulmina
273 1635 375 1682 molitur
385 1632 487 1692 dertrai5
498 1651 549 1701 quo
559 1635 667 1682 maxima
677 1645 749 1683 motu

149 1705 227 1754 Terra
235 1706 332 1764 tremit,
340 1704 428 1768 sugere
437 1705 510 1765 sera,
520 1715 544 1753 et
553 1703 667 1753 mortalia
676 1704 751 1753 corda

87 1779 90 1783 ’
149 1777 196 1824 Per
205 1787 289 1841 gentes
296 1775 399 1823 humilis
408 1777 497 1824 stravit
506 1791 595 1842 pavor:
605 1775 647 1822 ille
655 1774 772 1838 flagranti

149 1846 203 1895 Aut
211 1847 291 1904 Atho,
301 1857 345 1896 aut
354 1846 507 1911 Rhodopen,
517 1856 562 1894 aut
571 1845 619 1893 alta
629 1845 752 1894 Ceraunia
762 1844 811 1894 telo
877 1908 882 1914 ι

148 1916 251 1980 Dejicit;
262 1918 415 1981 ingeminant
424 1917 506 1966 austri
514 1927 539 1965 et
548 1917 707 1964 densissimus
715 1915 797 1964 imber
806 1932 813 1974 ;
870 1913 877 1927 ⁸

148 1988 223 2049 Nunc
232 1998 334 2036 nemora
342 1989 439 2052 ingenti
447 1996 535 2046 vento,
546 2003 613 2034 nunc
622 1985 719 2046 littora,
732 1987 860 2052 plangunt.

183 2059 237 2106 Hoc
246 2069 369 2117 metuens,
379 2058 434 2107 coeli
443 2073 539 2105 menses
549 2068 573 2104 et
582 2056 660 2104 sidera
669 2073 754 2117 serva,

133 2166 136 2175 ,
147 2127 247 2191 Frigida
257 2130 357 2177 Saturni
367 2146 417 2178 sese
427 2129 480 2194 qud
489 2127 558 2176 stella
567 2137 689 2192 receptet,

66 2232 69 2239 .
148 2198 221 2261 Quos
229 2200 294 2262 ignis
303 2201 358 2248 coeli
368 2200 495 2269 §qllanius
504 2209 570 2247 erret
580 2199 607 2245 iu
616 2197 697 2246 orbes.

183 2269 311 2334 Inprimis
320 2287 437 2318 venerare
447 2269 517 2327 deos,
527 2279 602 2333 atque
611 2284 694 2316 annua
703 2281 799 2332 magna
857 2313 860 2320 ,

148 2341 221 2388 Sacra
231 2338 294 2387 refer
304 2341 400 2398 Cereri,
409 2339 473 2386 laetis
481 2349 598 2402 operatus
606 2339 633 2385 in
642 2338 741 2399 herbis,
766 2356 768 2359 ·

148 2411 270 2457 Extremae
279 2409 326 2456 sub
335 2425 420 2456 casum
428 2406 530 2466 hiemis,
537 2408 590 2471 jam
599 2424 656 2455 vere
665 2424 767 2457 sereno:

148 2480 220 2528 Tune
228 2480 333 2542 pingues
340 2477 412 2541 agni,
422 2487 446 2524 et
456 2488 517 2525 tunc
526 2478 668 2525 mollissima
677 2479 750 2537 vina,

148 2548 220 2595 Tunc
229 2549 310 2595 somni
319 2546 415 2605 dulces,
425 2546 556 2611 densaeque
564 2548 592 2593 in
602 2546 730 2595 montibus
739 2547 841 2613 umbrat.

149 2618 244 2668 Cuncta
252 2617 299 2665 tibi
309 2616 422 2673 Cererem
430 2616 510 2682 pubes
519 2617 621 2683 agrestis
630 2615 730 2677 adoret,
