1825 3025
157 111 191 158 ps
343 90 679 145 GEORGICORUM
776 92 867 144 naui.

153 180 254 243 ‘Belgica
261 179 302 227 vel
309 180 380 230 mulli
389 180 477 230 meliiss
486 182 549 229 feret
556 180 637 229 esseda
647 177 720 229 collo·
838 190 841 193 ’

156 252 222 299 Tum
232 251 331 305 dentum
340 252 421 300 crassi
430 268 550 316 magnum
559 251 681 315 farragine
690 262 800 313 corpus·
842 276 847 285 ·

157 322 270 370 Crescere
274 321 327 385 jam
332 323 434 373 domitis
439 324 529 381 siait05
538 338 645 386 namque
650 332 707 368 ante
716 320 864 371 domandum

157 391 272 456 Ingentes
279 393 367 441 tollent
376 396 485 450 animos;
494 395 627 458 prensique
637 390 766 455 negabunt
830 391 834 400 '

156 463 266 515 Verbera
273 463 339 512 lenta
347 466 411 528 pati,
422 474 446 510 et
456 465 527 510 duris
535 479 621 527 parere
629 463 731 527 lupatis.
792 458 795 464 ¹

191 533 238 581 Sed
243 542 300 582 non
308 534 360 581 ulla
368 534 445 596 magis
454 534 521 582 vires
529 533 651 595 industria
660 533 762 593 firmat,
780 545 785 563 ³
888 590 889 597 ἵ

156 602 240 664 Qudm
249 621 364 652 venerem
373 615 397 651 et
406 603 588 652 caecistimulos
598 615 706 652 avertere
715 604 823 665 amoris,
888 612 889 649 1

156 675 213 722 Sive
221 674 310 733 boum,
320 676 370 721 sive
380 685 415 721 est
425 675 467 721 cni
477 675 572 735 gratior
581 691 640 733 usus
649 690 782 738 equorum.
888 724 889 741 ,

155 744 239 808 Atque
247 746 303 792 ideo
311 756 396 792 tauros
404 743 493 813 procul
503 755 577 808 atque
585 746 613 792 in
620 744 673 801 bola
682 745 794 808 relegant
888 756 889 803 l

154 814 861 879 Pascua,postmontemoppositum,cttransfluminalata3
888 814 889 821 ’

155 887 208 932 Aut
217 887 285 933 intus
293 886 389 933 clausos
397 896 481 932 satura
491 885 523 932 ad
530 886 647 949 praesepia
657 897 766 933 servant.
839 894 842 899 '
858 898 860 907 ’
888 926 889 963 1

156 956 241 1020 Carpit
250 956 316 1002 enim
325 956 389 1002 vires
397 956 531 1020 paulatim,
542 956 643 1025 uritque
651 956 777 1016 videndo,
888 968 889 973 ’

154 1029 265 1082 Femina,
276 1026 461 1074 ncc'nemorum
470 1026 566 1090 patitur
575 1027 714 1073 meminisse
722 1043 770 1075 nec
777 1025 860 1075 herba.

154 1096 277 1143 Dulcibus
285 1095 327 1142 illa
337 1096 438 1160 quidem
447 1095 571 1143 illecebris
580 1106 604 1143 et
614 1096 677 1159 saepe
686 1097 807 1160 superbos

155 1166 280 1214 Cornibus
288 1166 353 1212 inter
361 1183 386 1213 se
395 1167 491 1228 subigit
501 1166 630 1213 decernere
639 1177 757 1217 amantes.

154 1237 266 1284 Pascitur
274 1238 301 1283 in
311 1235 398 1299 rnagnd
407 1236 469 1283 silvi
479 1236 584 1289 formosa
591 1236 713 1298 juvenca:

73 1366 76 1373 r
154 1307 195 1353 Illi
204 1307 351 1354 alternantes
362 1306 439 1353 multi
449 1307 474 1353 vi
485 1307 572 1371 praelia
581 1307 688 1354 miscent

154 1377 307 1433 Vulneribus
315 1378 419 1436 crebris3
429 1379 492 1424 lavit
501 1386 556 1441 ater
562 1393 667 1440 corpora
676 1377 777 1441 sanguis
787 1413 794 1437 ,

154 1449 280 1512 Versaque
288 1450 315 1494 in
324 1448 431 1495 obnixos
442 1457 565 1508 urgentur
574 1463 668 1494 cornua
676 1459 747 1496 vasto

155 1516 219 1567 Cam
228 1522 332 1582 gemitu:
344 1520 446 1566 reboant
455 1518 573 1581 silvaeque
582 1529 606 1565 et
614 1518 705 1581 longus
713 1520 832 1586 olympus

156 1591 206 1639 Nec
216 1607 268 1637 mos
277 1591 393 1637 bellantes
403 1587 453 1636 nni
464 1587 586 1646 stabulare
593 1604 600 1646 ;
608 1588 650 1635 sed
659 1588 722 1636 alter

156 1662 242 1726 Victus
250 1661 312 1717 abit,
322 1661 447 1723 longeque
457 1660 550 1721 ignotis
560 1659 644 1706 exulat
654 1660 722 1718 oris,
773 1651 775 1662 ¹

151 1731 236 1798 ¹Multa
246 1747 344 1794 gemens
352 1731 529 1793 ignominiam,
539 1727 785 1796 plagasquesuperbi
840 1777 848 1798 φ

155 1799 339 1859 victoriatum
349 1818 412 1865 quos
421 1802 505 1847 amisit
513 1800 610 1847 inultus
618 1815 715 1848 amores
726 1818 734 1860 3

154 1874 185 1919 Et
195 1873 289 1919 stabula
298 1872 441 1936 adspectans
450 1871 534 1933 regnis
543 1872 645 1918 excessit
653 1871 735 1919 avitis.
795 1921 799 1923 ,

155 1944 220 2005 Ergo
229 1944 298 1990 omni
306 1943 366 1989 curi
374 1944 439 1990 vires
449 1951 558 1999 exercet,
567 1951 592 1987 et
601 1942 669 2006 inter

155 2014 224 2060 Dura
232 2013 296 2074 jacet
304 2027 402 2076 pernox
409 2014 516 2059 instrato
526 2026 583 2058 saxa
592 2010 688 2074 cubili,

154 2083 295 2129 Fraudibus
303 2084 407 2130 hirsutis
417 2094 441 2129 et
451 2083 530 2129 carice
537 2092 622 2145 pastus
631 2078 715 2130 acuti:

154 2153 187 2200 Et
195 2163 273 2200 tentat
283 2168 344 2211 sese,
354 2163 430 2218 atque
439 2153 513 2200 irasci
521 2153 550 2199 in
558 2168 651 2200 cornua
661 2152 751 2212 discit,

155 2222 260 2271 Arboris
268 2222 377 2271 obnixus
386 2235 492 2282 trunco;
501 2233 637 2287 ventosque
645 2223 745 2279 lacessit

155 2293 262 2351 Ictibus,
271 2304 296 2340 et
305 2293 388 2356 sparsi
396 2295 429 2341 ad
437 2309 549 2357 pugnam
558 2293 670 2356 proludit
679 2290 763 2341 areni.

155 2365 226 2420 Post,
236 2363 280 2411 ubi
289 2364 420 2412 collectum
430 2364 631 2427 roburviresqne
640 2362 753 2422 reiectae,
795 2402 803 2411 .

156 2434 231 2495 Signa
241 2445 334 2493 movet,
344 2450 503 2499 praecepsque
512 2419 618 2487 oblituib
626 2433 707 2481 fertur
715 2435 744 2481 in
752 2432 850 2482 hosteut

155 2502 257 2552 Fluctus
266 2500 305 2552 nti
314 2506 395 2553 medlo
404 2506 478 2567 coepit
488 2520 567 2567 quum
575 2502 695 2552 albescere
704 2515 782 2567 ponto

156 2573 276 2637 magias,
286 2592 318 2625 ex
326 2576 426 2638 altoque
435 2577 519 2621 sinum
528 2573 617 2633 trabit3
627 2584 718 2637 utque,
727 2574 826 2622 volutus

156 2643 198 2695 ad
205 2647 411 2698 terrasimmani
420 2654 492 2694 sonat
499 2659 545 2709 per
553 2659 624 2706 saxa,
633 2658 715 2710 neque
723 2646 778 2710 ipso

868 386 872 393 1
888 364 889 407 l

888 466 889 483 l
