<?xml version="1.0" encoding="UTF-8"?>
<!DOCTYPE html PUBLIC "-//W3C//DTD XHTML 1.0 Transitional//EN"
    "http://www.w3.org/TR/xhtml1/DTD/xhtml1-transitional.dtd">
<html xmlns="http://www.w3.org/1999/xhtml" xml:lang="en" lang="en">
 <head>
  <title>
</title>
<meta http-equiv="Content-Type" content="text/html;charset=utf-8" />
  <meta name='ocr-system' content='tesseract 3.04.00' />
  <meta name='ocr-capabilities' content='ocr_page ocr_carea ocr_par ocr_line ocrx_word'/>
</head>
<body>
  <div class='ocr_page' id='page_1' title='image "./bucolicageorgic00collgoog/bucolicageorgic00collgoog_0321.png"; bbox 0 0 1825 3025; ppageno 0'>
   <div class='ocr_carea' id='block_1_1' title="bbox 26 53 788 157">
    <p class='ocr_par' dir='ltr' id='par_1_1' title="bbox 26 53 788 157">
     <span class='ocr_line' id='line_1_1' title="bbox 26 53 788 157; baseline 0.001 -18"><span class='ocrx_word' id='word_1_1' title='bbox 26 102 63 140; x_wconf 66' lang='lat' dir='ltr'><strong>v.</strong></span> <span class='ocrx_word' id='word_1_2' title='bbox 81 102 174 136; x_wconf 54' lang='grc' dir='ltr'><strong>ιι..</strong></span> <span class='ocrx_word' id='word_1_3' title='bbox 221 53 425 148; x_wconf 67' lang='lat' dir='ltr'><strong>Aruernos</strong></span> <span class='ocrx_word' id='word_1_4' title='bbox 442 91 571 142; x_wconf 72' lang='lat' dir='ltr'><strong>trunti</strong></span> <span class='ocrx_word' id='word_1_5' title='bbox 587 74 657 141; x_wconf 59' lang='lat' dir='ltr'><strong>tx(</strong></span> <span class='ocrx_word' id='word_1_6' title='bbox 741 97 788 157; x_wconf 80' lang='lat'><strong>287</strong></span> 
     </span>
    </p>
   </div>
   <div class='ocr_carea' id='block_1_2' title="bbox 32 171 818 2715">
    <p class='ocr_par' dir='ltr' id='par_1_2' title="bbox 32 171 818 2715">
     <span class='ocr_line' id='line_1_2' title="bbox 32 171 727 237; baseline 0.01 -19"><span class='ocrx_word' id='word_1_7' title='bbox 32 171 196 237; x_wconf 54' lang='lat' dir='ltr'><strong>Quisquis</strong></span> <span class='ocrx_word' id='word_1_8' title='bbox 204 172 233 222; x_wconf 87' lang='lat' dir='ltr'><strong>in</strong></span> <span class='ocrx_word' id='word_1_9' title='bbox 241 189 311 237; x_wconf 74' lang='lat' dir='ltr'><strong>arma</strong></span> <span class='ocrx_word' id='word_1_10' title='bbox 319 190 401 223; x_wconf 80' lang='lat' dir='ltr'><strong>voras.</strong></span> <span class='ocrx_word' id='word_1_11' title='bbox 409 177 439 223; x_wconf 87' lang='lat' dir='ltr'><strong>Et</strong></span> <span class='ocrx_word' id='word_1_12' title='bbox 448 177 484 225; x_wconf 88' lang='lat' dir='ltr'><strong>sie</strong></span> <span class='ocrx_word' id='word_1_13' title='bbox 494 177 584 225; x_wconf 81' lang='lat' dir='ltr'><strong>eii&#39;atns</strong></span> <span class='ocrx_word' id='word_1_14' title='bbox 593 178 624 225; x_wconf 88' lang='lat' dir='ltr'><strong>ad</strong></span> <span class='ocrx_word' id='word_1_15' title='bbox 633 178 727 225; x_wconf 86' lang='lat' dir='ltr'><strong>undam</strong></span> 
     </span>
     <span class='ocr_line' id='line_1_3' title="bbox 33 244 739 312; baseline 0.007 -20"><span class='ocrx_word' id='word_1_16' title='bbox 33 244 205 302; x_wconf 75' lang='lat' dir='ltr'><strong>Processit,</strong></span> <span class='ocrx_word' id='word_1_17' title='bbox 215 257 364 309; x_wconf 87' lang='lat' dir='ltr'><strong>summoque</strong></span> <span class='ocrx_word' id='word_1_18' title='bbox 372 247 456 296; x_wconf 81' lang='lat' dir='ltr'><strong>hausit</strong></span> <span class='ocrx_word' id='word_1_19' title='bbox 466 247 496 298; x_wconf 79' lang='lat' dir='ltr'><strong>de</strong></span> <span class='ocrx_word' id='word_1_20' title='bbox 505 250 603 311; x_wconf 83' lang='lat' dir='ltr'><strong>gurgite</strong></span> <span class='ocrx_word' id='word_1_21' title='bbox 611 249 739 312; x_wconf 76' lang='lat' dir='ltr'><strong>lymphas,</strong></span> 
     </span>
     <span class='ocr_line' id='line_1_4' title="bbox 33 313 669 383; baseline 0.002 -18"><span class='ocrx_word' id='word_1_22' title='bbox 33 315 154 365; x_wconf 79' lang='lat' dir='ltr'><strong>Multa</strong></span> <span class='ocrx_word' id='word_1_23' title='bbox 163 313 223 362; x_wconf 82' lang='lat' dir='ltr'><strong>deos</strong></span> <span class='ocrx_word' id='word_1_24' title='bbox 232 331 316 373; x_wconf 77' lang='lat' dir='ltr'><strong>orans3</strong></span> <span class='ocrx_word' id='word_1_25' title='bbox 326 318 488 383; x_wconf 79' lang='lat' dir='ltr'><strong>oneravitque</strong></span> <span class='ocrx_word' id='word_1_26' title='bbox 497 320 588 366; x_wconf 73' lang='lat' dir='ltr'><strong>athera</strong></span> <span class='ocrx_word' id='word_1_27' title='bbox 596 322 669 366; x_wconf 84' lang='lat' dir='ltr'><strong>votis.</strong></span> 
     </span>
     <span class='ocr_line' id='line_1_5' title="bbox 89 387 798 453; baseline 0.007 -20"><span class='ocrx_word' id='word_1_28' title='bbox 89 387 215 448; x_wconf 84' lang='lat' dir='ltr'><strong>Jamque</strong></span> <span class='ocrx_word' id='word_1_29' title='bbox 223 387 305 436; x_wconf 85' lang='lat' dir='ltr'><strong>omnis</strong></span> <span class='ocrx_word' id='word_1_30' title='bbox 314 388 407 452; x_wconf 82' lang='lat' dir='ltr'><strong>eampis</strong></span> <span class='ocrx_word' id='word_1_31' title='bbox 417 389 541 436; x_wconf 85' lang='lat' dir='ltr'><strong>exercitus</strong></span> <span class='ocrx_word' id='word_1_32' title='bbox 550 389 602 436; x_wconf 85' lang='lat' dir='ltr'><strong>ibat</strong></span> <span class='ocrx_word' id='word_1_33' title='bbox 611 391 717 453; x_wconf 81' lang='lat' dir='ltr'><strong>apertis,</strong></span> <span class='ocrx_word' id='word_1_34' title='bbox 792 391 798 400; x_wconf 67' lang='grc'><strong>“</strong></span> 
     </span>
     <span class='ocr_line' id='line_1_6' title="bbox 36 452 617 521; baseline -0.002 -15"><span class='ocrx_word' id='word_1_35' title='bbox 36 458 146 506; x_wconf 85' lang='lat' dir='ltr'><strong>Dives</strong></span> <span class='ocrx_word' id='word_1_36' title='bbox 155 452 262 520; x_wconf 79' lang='lat' dir='ltr'><strong>eqmim,</strong></span> <span class='ocrx_word' id='word_1_37' title='bbox 272 455 340 506; x_wconf 85' lang='lat' dir='ltr'><strong>dives</strong></span> <span class='ocrx_word' id='word_1_38' title='bbox 348 458 424 521; x_wconf 80' lang='lat' dir='ltr'><strong>pictai</strong></span> <span class='ocrx_word' id='word_1_39' title='bbox 434 459 509 507; x_wconf 88' lang='lat' dir='ltr'><strong>vestis</strong></span> <span class='ocrx_word' id='word_1_40' title='bbox 520 470 544 507; x_wconf 89' lang='lat' dir='ltr'><strong>et</strong></span> <span class='ocrx_word' id='word_1_41' title='bbox 553 460 617 507; x_wconf 84' lang='lat' dir='ltr'><strong>auri.</strong></span> 
     </span>
     <span class='ocr_line' id='line_1_7' title="bbox 39 527 721 594; baseline 0.001 -18"><span class='ocrx_word' id='word_1_42' title='bbox 39 530 202 589; x_wconf 70' lang='lat' dir='ltr'><strong>Messapus</strong></span> <span class='ocrx_word' id='word_1_43' title='bbox 210 527 303 590; x_wconf 81' lang='lat' dir='ltr'><strong>primas</strong></span> <span class='ocrx_word' id='word_1_44' title='bbox 313 529 389 587; x_wconf 79' lang='lat' dir='ltr'><strong>acies,</strong></span> <span class='ocrx_word' id='word_1_45' title='bbox 398 539 523 594; x_wconf 86' lang='lat' dir='ltr'><strong>postrema</strong></span> <span class='ocrx_word' id='word_1_46' title='bbox 532 534 647 578; x_wconf 72' lang='lat' dir='ltr'><strong>coercent</strong></span> <span class='ocrx_word' id='word_1_47' title='bbox 713 531 721 538; x_wconf 75' lang='lat'><em>&#39;</em></span> 
     </span>
     <span class='ocr_line' id='line_1_8' title="bbox 40 595 724 663; baseline 0.01 -18"><span class='ocrx_word' id='word_1_48' title='bbox 40 595 201 663; x_wconf 65' lang='lat' dir='ltr'><strong>Tyrrhidae</strong></span> <span class='ocrx_word' id='word_1_49' title='bbox 206 596 322 660; x_wconf 85' lang='lat' dir='ltr'><strong>juvenes,</strong></span> <span class='ocrx_word' id='word_1_50' title='bbox 332 599 413 647; x_wconf 89' lang='lat' dir='ltr'><strong>medio</strong></span> <span class='ocrx_word' id='word_1_51' title='bbox 423 599 477 649; x_wconf 84' lang='lat' dir='ltr'><strong>dux</strong></span> <span class='ocrx_word' id='word_1_52' title='bbox 485 602 584 663; x_wconf 81' lang='lat' dir='ltr'>agmine</span> <span class='ocrx_word' id='word_1_53' title='bbox 593 602 696 648; x_wconf 82' lang='lat' dir='ltr'><strong>Turnus</strong></span> <span class='ocrx_word' id='word_1_54' title='bbox 722 649 724 652; x_wconf 79' lang='grc'>,</span> 
     </span>
     <span class='ocr_line' id='line_1_9' title="bbox 40 668 740 736; baseline 0 -19"><span class='ocrx_word' id='word_1_55' title='bbox 40 668 200 736; x_wconf 81' lang='lat' dir='ltr'><strong>[Vertitur</strong></span> <span class='ocrx_word' id='word_1_56' title='bbox 208 683 276 715; x_wconf 81' lang='lat' dir='ltr'><strong>erma</strong></span> <span class='ocrx_word' id='word_1_57' title='bbox 284 675 384 729; x_wconf 84' lang='lat' dir='ltr'><strong>tenens,</strong></span> <span class='ocrx_word' id='word_1_58' title='bbox 393 681 418 717; x_wconf 91' lang='lat' dir='ltr'><strong>et</strong></span> <span class='ocrx_word' id='word_1_59' title='bbox 426 681 480 718; x_wconf 89' lang='lat' dir='ltr'><strong>toto</strong></span> <span class='ocrx_word' id='word_1_60' title='bbox 490 672 582 718; x_wconf 86' lang='lat' dir='ltr'><strong>vertice</strong></span> <span class='ocrx_word' id='word_1_61' title='bbox 592 669 667 734; x_wconf 74' lang='lat' dir='ltr'><strong>supra</strong></span> <span class='ocrx_word' id='word_1_62' title='bbox 676 682 711 717; x_wconf 85' lang='lat' dir='ltr'><strong>est</strong></span> <span class='ocrx_word' id='word_1_63' title='bbox 719 671 740 735; x_wconf 73' lang='lat' dir='ltr'><strong>r]</strong></span> 
     </span>
     <span class='ocr_line' id='line_1_10' title="bbox 44 740 641 803; baseline -0.002 -15"><span class='ocrx_word' id='word_1_64' title='bbox 44 742 118 791; x_wconf 81' lang='lat' dir='ltr'><strong>Oen</strong></span> <span class='ocrx_word' id='word_1_65' title='bbox 127 749 226 802; x_wconf 81' lang='lat' dir='ltr'><strong>septem</strong></span> <span class='ocrx_word' id='word_1_66' title='bbox 237 754 341 803; x_wconf 80' lang='lat' dir='ltr'>surgens</span> <span class='ocrx_word' id='word_1_67' title='bbox 350 740 439 788; x_wconf 87' lang='lat' dir='ltr'><strong>sedatis</strong></span> <span class='ocrx_word' id='word_1_68' title='bbox 450 740 566 790; x_wconf 85' lang='lat' dir='ltr'><strong>amnibus</strong></span> <span class='ocrx_word' id='word_1_69' title='bbox 575 742 641 788; x_wconf 80' lang='lat' dir='ltr'><strong>uitus</strong></span> 
     </span>
     <span class='ocr_line' id='line_1_11' title="bbox 46 811 711 875; baseline -0.003 -15"><span class='ocrx_word' id='word_1_70' title='bbox 46 814 110 860; x_wconf 86' lang='lat' dir='ltr'><strong>Per</strong></span> <span class='ocrx_word' id='word_1_71' title='bbox 120 811 229 858; x_wconf 80' lang='lat' dir='ltr'><strong>tacitum</strong></span> <span class='ocrx_word' id='word_1_72' title='bbox 238 811 348 875; x_wconf 74' lang='lat' dir='ltr'><strong>Ganges,</strong></span> <span class='ocrx_word' id='word_1_73' title='bbox 356 822 401 858; x_wconf 85' lang='lat' dir='ltr'><strong>aut</strong></span> <span class='ocrx_word' id='word_1_74' title='bbox 408 812 499 875; x_wconf 86' lang='lat' dir='ltr'><strong>pingui</strong></span> <span class='ocrx_word' id='word_1_75' title='bbox 508 811 612 859; x_wconf 87' lang='lat' dir='ltr'><strong>flumine</strong></span> <span class='ocrx_word' id='word_1_76' title='bbox 623 811 711 869; x_wconf 83' lang='lat' dir='ltr'><strong>Nilus,</strong></span> 
     </span>
     <span class='ocr_line' id='line_1_12' title="bbox 47 879 702 946; baseline -0.002 -16"><span class='ocrx_word' id='word_1_77' title='bbox 47 883 156 945; x_wconf 88' lang='lat' dir='ltr'><strong>Quum</strong></span> <span class='ocrx_word' id='word_1_78' title='bbox 166 879 250 929; x_wconf 84' lang='lat' dir='ltr'><strong>refluit</strong></span> <span class='ocrx_word' id='word_1_79' title='bbox 259 883 366 945; x_wconf 84' lang='lat' dir='ltr'><strong>eampis,</strong></span> <span class='ocrx_word' id='word_1_80' title='bbox 375 882 457 946; x_wconf 83' lang='lat' dir='ltr'><strong>etjam</strong></span> <span class='ocrx_word' id='word_1_81' title='bbox 466 898 492 930; x_wconf 88' lang='lat' dir='ltr'><strong>se</strong></span> <span class='ocrx_word' id='word_1_82' title='bbox 501 882 614 931; x_wconf 83' lang='lat' dir='ltr'>condidit</span> <span class='ocrx_word' id='word_1_83' title='bbox 623 882 702 929; x_wconf 78' lang='lat' dir='ltr'><strong>alveo.</strong></span> 
     </span>
     <span class='ocr_line' id='line_1_13' title="bbox 48 949 674 1017; baseline -0.003 -16"><span class='ocrx_word' id='word_1_84' title='bbox 48 951 109 1001; x_wconf 75' lang='lat' dir='ltr'><strong>nte</strong></span> <span class='ocrx_word' id='word_1_85' title='bbox 121 949 234 1000; x_wconf 84' lang='lat' dir='ltr'><strong>subitam</strong></span> <span class='ocrx_word' id='word_1_86' title='bbox 242 953 315 1016; x_wconf 74' lang='lat' dir='ltr'><strong>nigro</strong></span> <span class='ocrx_word' id='word_1_87' title='bbox 324 952 458 1016; x_wconf 80' lang='lat' dir='ltr'><strong>glomerari</strong></span> <span class='ocrx_word' id='word_1_88' title='bbox 466 953 571 1017; x_wconf 81' lang='lat' dir='ltr'><strong>pulvere</strong></span> <span class='ocrx_word' id='word_1_89' title='bbox 582 953 674 1001; x_wconf 86' lang='lat' dir='ltr'><strong>nubem</strong></span> 
     </span>
     <span class='ocr_line' id='line_1_14' title="bbox 48 1022 750 1094; baseline -0.003 -21"><span class='ocrx_word' id='word_1_90' title='bbox 48 1022 228 1087; x_wconf 83' lang='lat' dir='ltr'><strong>Prospieinnt</strong></span> <span class='ocrx_word' id='word_1_91' title='bbox 237 1024 339 1094; x_wconf 75' lang='lat' dir='ltr'><strong>Teucri,</strong></span> <span class='ocrx_word' id='word_1_92' title='bbox 350 1040 378 1072; x_wconf 82' lang='lat' dir='ltr'><strong>ae</strong></span> <span class='ocrx_word' id='word_1_93' title='bbox 388 1023 503 1072; x_wconf 77' lang='lat' dir='ltr'><strong>tenebras</strong></span> <span class='ocrx_word' id='word_1_94' title='bbox 511 1025 641 1087; x_wconf 79' lang='lat' dir='ltr'><strong>insurgere</strong></span> <span class='ocrx_word' id='word_1_95' title='bbox 650 1026 750 1088; x_wconf 83' lang='lat' dir='ltr'><strong>campis.</strong></span> 
     </span>
     <span class='ocr_line' id='line_1_15' title="bbox 48 1091 649 1146; baseline -0.002 -4"><span class='ocrx_word' id='word_1_96' title='bbox 48 1094 165 1144; x_wconf 80' lang='lat' dir='ltr'><strong>Primus</strong></span> <span class='ocrx_word' id='word_1_97' title='bbox 174 1091 207 1139; x_wconf 87' lang='lat' dir='ltr'><strong>ab</strong></span> <span class='ocrx_word' id='word_1_98' title='bbox 217 1092 319 1144; x_wconf 78' lang='lat' dir='ltr'><strong>adversi</strong></span> <span class='ocrx_word' id='word_1_99' title='bbox 327 1091 464 1146; x_wconf 75' lang='lat' dir='ltr'><strong>conclamat</strong></span> <span class='ocrx_word' id='word_1_100' title='bbox 473 1094 538 1143; x_wconf 86' lang='lat' dir='ltr'><strong>mole</strong></span> <span class='ocrx_word' id='word_1_101' title='bbox 549 1096 649 1145; x_wconf 84' lang='lat' dir='ltr'><strong>Caicus:</strong></span> 
     </span>
     <span class='ocr_line' id='line_1_16' title="bbox 49 1162 670 1228; baseline -0.002 -15"><span class='ocrx_word' id='word_1_102' title='bbox 49 1166 131 1227; x_wconf 82' lang='lat' dir='ltr'><strong>Quis</strong></span> <span class='ocrx_word' id='word_1_103' title='bbox 139 1162 244 1227; x_wconf 82' lang='lat' dir='ltr'><strong>globus,</strong></span> <span class='ocrx_word' id='word_1_104' title='bbox 252 1179 269 1211; x_wconf 91' lang='lat' dir='ltr'><strong>o</strong></span> <span class='ocrx_word' id='word_1_105' title='bbox 277 1165 357 1223; x_wconf 84' lang='lat' dir='ltr'><strong>cives,</strong></span> <span class='ocrx_word' id='word_1_106' title='bbox 366 1164 471 1228; x_wconf 76' lang='lat' dir='ltr'><strong>ealigine</strong></span> <span class='ocrx_word' id='word_1_107' title='bbox 482 1166 593 1214; x_wconf 84' lang='lat' dir='ltr'><strong>volvitur</strong></span> <span class='ocrx_word' id='word_1_108' title='bbox 604 1166 670 1214; x_wconf 67' lang='lat' dir='ltr'><strong>ati-s!</strong></span> 
     </span>
     <span class='ocr_line' id='line_1_17' title="bbox 51 1233 670 1295; baseline -0.003 -9"><span class='ocrx_word' id='word_1_109' title='bbox 51 1240 135 1286; x_wconf 81' lang='lat' dir='ltr'><strong>Ferte</strong></span> <span class='ocrx_word' id='word_1_110' title='bbox 143 1234 189 1283; x_wconf 76' lang='lat' dir='ltr'><strong>etti</strong></span> <span class='ocrx_word' id='word_1_111' title='bbox 198 1233 306 1293; x_wconf 83' lang='lat' dir='ltr'><strong>ferrum,</strong></span> <span class='ocrx_word' id='word_1_112' title='bbox 315 1234 371 1282; x_wconf 82' lang='lat' dir='ltr'><strong>date</strong></span> <span class='ocrx_word' id='word_1_113' title='bbox 382 1236 441 1295; x_wconf 73' lang='lat' dir='ltr'><strong>tela,</strong></span> <span class='ocrx_word' id='word_1_114' title='bbox 451 1238 561 1286; x_wconf 74' lang='lat' dir='ltr'><strong>scandite</strong></span> <span class='ocrx_word' id='word_1_115' title='bbox 571 1253 670 1295; x_wconf 82' lang='lat' dir='ltr'><strong>muros3</strong></span> 
     </span>
     <span class='ocr_line' id='line_1_18' title="bbox 52 1304 680 1376; baseline -0.002 -21"><span class='ocrx_word' id='word_1_116' title='bbox 52 1306 149 1355; x_wconf 85' lang='lat' dir='ltr'><strong>Hostis</strong></span> <span class='ocrx_word' id='word_1_117' title='bbox 157 1304 240 1376; x_wconf 77' lang='lat' dir='ltr'><strong>adest,</strong></span> <span class='ocrx_word' id='word_1_118' title='bbox 250 1306 300 1352; x_wconf 80' lang='lat' dir='ltr'><strong>eia!</strong></span> <span class='ocrx_word' id='word_1_119' title='bbox 312 1308 412 1370; x_wconf 77' lang='lat' dir='ltr'><strong>Ingenti</strong></span> <span class='ocrx_word' id='word_1_120' title='bbox 421 1307 528 1357; x_wconf 84' lang='lat' dir='ltr'><strong>elamore</strong></span> <span class='ocrx_word' id='word_1_121' title='bbox 537 1324 582 1371; x_wconf 89' lang='lat' dir='ltr'><strong>per</strong></span> <span class='ocrx_word' id='word_1_122' title='bbox 592 1324 680 1355; x_wconf 88' lang='lat' dir='ltr'><strong>omnes</strong></span> 
     </span>
     <span class='ocr_line' id='line_1_19' title="bbox 52 1376 699 1441; baseline 0 -18"><span class='ocrx_word' id='word_1_123' title='bbox 52 1376 187 1430; x_wconf 67' lang='lat' dir='ltr'><strong>(hudont</strong></span> <span class='ocrx_word' id='word_1_124' title='bbox 196 1392 222 1423; x_wconf 89' lang='lat' dir='ltr'><strong>se</strong></span> <span class='ocrx_word' id='word_1_125' title='bbox 231 1376 321 1424; x_wconf 79' lang='lat' dir='ltr'><strong>Teucri</strong></span> <span class='ocrx_word' id='word_1_126' title='bbox 330 1387 416 1440; x_wconf 81' lang='lat' dir='ltr'><strong>portas</strong></span> <span class='ocrx_word' id='word_1_127' title='bbox 424 1414 431 1437; x_wconf 87' lang='lat'>,</span> <span class='ocrx_word' id='word_1_128' title='bbox 440 1390 464 1427; x_wconf 88' lang='lat' dir='ltr'><strong>et</strong></span> <span class='ocrx_word' id='word_1_129' title='bbox 473 1380 563 1427; x_wconf 83' lang='lat' dir='ltr'><strong>moenia</strong></span> <span class='ocrx_word' id='word_1_130' title='bbox 572 1377 699 1441; x_wconf 86' lang='lat' dir='ltr'><strong>complent</strong></span> 
     </span>
     <span class='ocr_line' id='line_1_20' title="bbox 53 1441 728 1514; baseline -0.007 -16"><span class='ocrx_word' id='word_1_131' title='bbox 53 1449 181 1512; x_wconf 81' lang='lat' dir='ltr'><strong>Namque</strong></span> <span class='ocrx_word' id='word_1_132' title='bbox 192 1445 226 1494; x_wconf 84' lang='lat' dir='ltr'><strong>ita</strong></span> <span class='ocrx_word' id='word_1_133' title='bbox 235 1445 363 1495; x_wconf 80' lang='lat' dir='ltr'><strong>discedens</strong></span> <span class='ocrx_word' id='word_1_134' title='bbox 372 1441 521 1514; x_wconf 66' lang='lat' dir='ltr'><strong>linieeeperet</strong></span> <span class='ocrx_word' id='word_1_135' title='bbox 531 1450 643 1512; x_wconf 86' lang='lat' dir='ltr'><strong>optimus</strong></span> <span class='ocrx_word' id='word_1_136' title='bbox 652 1448 728 1495; x_wconf 87' lang='lat' dir='ltr'><strong>armis</strong></span> 
     </span>
     <span class='ocr_line' id='line_1_21' title="bbox 52 1518 592 1583; baseline -0.007 -14"><span class='ocrx_word' id='word_1_137' title='bbox 52 1523 176 1571; x_wconf 81' lang='lat' dir='ltr'><strong>Aeneas:</strong></span> <span class='ocrx_word' id='word_1_138' title='bbox 185 1518 206 1566; x_wconf 82' lang='lat' dir='ltr'><strong>si</strong></span> <span class='ocrx_word' id='word_1_139' title='bbox 215 1533 264 1583; x_wconf 81' lang='lat' dir='ltr'><strong>qna</strong></span> <span class='ocrx_word' id='word_1_140' title='bbox 273 1519 367 1568; x_wconf 87' lang='lat' dir='ltr'><strong>interea</strong></span> <span class='ocrx_word' id='word_1_141' title='bbox 376 1522 481 1569; x_wconf 84' lang='lat' dir='ltr'><strong>fortuna</strong></span> <span class='ocrx_word' id='word_1_142' title='bbox 490 1520 592 1577; x_wconf 86' lang='lat' dir='ltr'><strong>fuisset,</strong></span> 
     </span>
     <span class='ocr_line' id='line_1_22' title="bbox 52 1588 718 1650; baseline -0.006 -12"><span class='ocrx_word' id='word_1_143' title='bbox 52 1592 98 1643; x_wconf 81' lang='lat' dir='ltr'><strong>Ne</strong></span> <span class='ocrx_word' id='word_1_144' title='bbox 108 1600 210 1638; x_wconf 84' lang='lat' dir='ltr'><strong>struere</strong></span> <span class='ocrx_word' id='word_1_145' title='bbox 219 1590 439 1648; x_wconf 63' lang='lat' dir='ltr'><strong>anonomaston,</strong></span> <span class='ocrx_word' id='word_1_146' title='bbox 449 1606 500 1638; x_wconf 88' lang='lat' dir='ltr'><strong>neu</strong></span> <span class='ocrx_word' id='word_1_147' title='bbox 509 1588 608 1637; x_wconf 85' lang='lat' dir='ltr'><strong>eredere</strong></span> <span class='ocrx_word' id='word_1_148' title='bbox 616 1603 705 1650; x_wconf 85' lang='lat' dir='ltr'><strong>eampo</strong></span> <span class='ocrx_word' id='word_1_149' title='bbox 710 1603 718 1645; x_wconf 90' lang='lat'>;</span> 
     </span>
     <span class='ocr_line' id='line_1_23' title="bbox 55 1659 693 1725; baseline -0.013 -14"><span class='ocrx_word' id='word_1_150' title='bbox 55 1662 151 1711; x_wconf 80' lang='lat' dir='ltr'><strong>Castra</strong></span> <span class='ocrx_word' id='word_1_151' title='bbox 161 1659 236 1708; x_wconf 70' lang='lat' dir='ltr'><strong>modii</strong></span> <span class='ocrx_word' id='word_1_152' title='bbox 245 1672 271 1708; x_wconf 86' lang='lat' dir='ltr'><strong>et</strong></span> <span class='ocrx_word' id='word_1_153' title='bbox 279 1672 349 1709; x_wconf 87' lang='lat' dir='ltr'><strong>tutos</strong></span> <span class='ocrx_word' id='word_1_154' title='bbox 359 1672 490 1710; x_wconf 84' lang='lat' dir='ltr'><strong>servarent</strong></span> <span class='ocrx_word' id='word_1_155' title='bbox 497 1675 587 1725; x_wconf 76' lang='lat' dir='ltr'><strong>aggere</strong></span> <span class='ocrx_word' id='word_1_156' title='bbox 597 1674 693 1706; x_wconf 85' lang='lat' dir='ltr'><strong>muros.</strong></span> 
     </span>
     <span class='ocr_line' id='line_1_24' title="bbox 54 1730 767 1797; baseline -0.011 -16"><span class='ocrx_word' id='word_1_157' title='bbox 54 1732 141 1797; x_wconf 75' lang='lat' dir='ltr'><strong>Ergo,</strong></span> <span class='ocrx_word' id='word_1_158' title='bbox 151 1730 198 1778; x_wconf 90' lang='lat' dir='ltr'><strong>etsi</strong></span> <span class='ocrx_word' id='word_1_159' title='bbox 207 1731 319 1779; x_wconf 81' lang='lat' dir='ltr'><strong>conferre</strong></span> <span class='ocrx_word' id='word_1_160' title='bbox 328 1748 432 1780; x_wconf 80' lang='lat' dir='ltr'><strong>manum</strong></span> <span class='ocrx_word' id='word_1_161' title='bbox 441 1732 525 1797; x_wconf 88' lang='lat' dir='ltr'><strong>pudor</strong></span> <span class='ocrx_word' id='word_1_162' title='bbox 533 1733 621 1793; x_wconf 84' lang='lat' dir='ltr'><strong>iraque</strong></span> <span class='ocrx_word' id='word_1_163' title='bbox 630 1738 767 1788; x_wconf 79' lang='lat' dir='ltr'><strong>monstrat,</strong></span> 
     </span>
     <span class='ocr_line' id='line_1_25' title="bbox 56 1801 710 1869; baseline -0.012 -16"><span class='ocrx_word' id='word_1_164' title='bbox 56 1803 198 1868; x_wconf 82' lang='lat' dir='ltr'><strong>Objieiunt</strong></span> <span class='ocrx_word' id='word_1_165' title='bbox 205 1813 290 1867; x_wconf 88' lang='lat' dir='ltr'><strong>portas</strong></span> <span class='ocrx_word' id='word_1_166' title='bbox 299 1813 397 1861; x_wconf 82' lang='lat' dir='ltr'><strong>tamen,</strong></span> <span class='ocrx_word' id='word_1_167' title='bbox 405 1814 431 1852; x_wconf 89' lang='lat' dir='ltr'><strong>et</strong></span> <span class='ocrx_word' id='word_1_168' title='bbox 439 1813 564 1869; x_wconf 78' lang='lat' dir='ltr'><strong>praecepta</strong></span> <span class='ocrx_word' id='word_1_169' title='bbox 572 1801 710 1858; x_wconf 83' lang='lat' dir='ltr'><strong>fecessunt,</strong></span> 
     </span>
     <span class='ocr_line' id='line_1_26' title="bbox 57 1872 744 1939; baseline -0.012 -15"><span class='ocrx_word' id='word_1_170' title='bbox 57 1873 213 1936; x_wconf 78' lang='lat' dir='ltr'><strong>Armatique</strong></span> <span class='ocrx_word' id='word_1_171' title='bbox 222 1875 443 1939; x_wconf 72' lang='lat' dir='ltr'><strong>mvisexspeetant</strong></span> <span class='ocrx_word' id='word_1_172' title='bbox 451 1872 678 1923; x_wconf 82' lang='lat' dir='ltr'><strong>turribushostem.</strong></span> <span class='ocrx_word' id='word_1_173' title='bbox 741 1878 744 1881; x_wconf 87' lang='lat'>&#39;</span> 
     </span>
     <span class='ocr_line' id='line_1_27' title="bbox 58 1939 818 2008; baseline -0.011 -14"><span class='ocrx_word' id='word_1_174' title='bbox 58 1947 181 2001; x_wconf 82' lang='lat' dir='ltr'><strong>Turnus,</strong></span> <span class='ocrx_word' id='word_1_175' title='bbox 191 1954 220 1991; x_wconf 87' lang='lat' dir='ltr'><strong>ut</strong></span> <span class='ocrx_word' id='word_1_176' title='bbox 228 1945 286 1992; x_wconf 75' lang='lat' dir='ltr'><strong>ante</strong></span> <span class='ocrx_word' id='word_1_177' title='bbox 296 1944 384 1993; x_wconf 81' lang='lat' dir='ltr'><strong>volens</strong></span> <span class='ocrx_word' id='word_1_178' title='bbox 394 1944 495 1992; x_wconf 79' lang='lat' dir='ltr'><strong>turdum</strong></span> <span class='ocrx_word' id='word_1_179' title='bbox 504 1939 661 2008; x_wconf 65' lang='lat' dir='ltr'><strong>praeesser&#39;at</strong></span> <span class='ocrx_word' id='word_1_180' title='bbox 670 1955 773 2006; x_wconf 83' lang='lat' dir='ltr'><strong>agmen,</strong></span> <span class='ocrx_word' id='word_1_181' title='bbox 816 1982 818 1988; x_wconf 20' lang='grc' dir='ltr'><em>Α</em></span> 
     </span>
     <span class='ocr_line' id='line_1_28' title="bbox 58 2011 626 2081; baseline -0.012 -16"><span class='ocrx_word' id='word_1_182' title='bbox 58 2016 163 2079; x_wconf 76' lang='lat' dir='ltr'><strong>Viginti</strong></span> <span class='ocrx_word' id='word_1_183' title='bbox 171 2015 241 2062; x_wconf 85' lang='lat' dir='ltr'><strong>leen&#39;s</strong></span> <span class='ocrx_word' id='word_1_184' title='bbox 251 2017 367 2081; x_wconf 85' lang='lat' dir='ltr'><strong>equitum</strong></span> <span class='ocrx_word' id='word_1_185' title='bbox 375 2016 523 2073; x_wconf 81' lang='lat' dir='ltr'><strong>comitatus,</strong></span> <span class='ocrx_word' id='word_1_186' title='bbox 533 2025 557 2061; x_wconf 85' lang='lat' dir='ltr'><strong>et</strong></span> <span class='ocrx_word' id='word_1_187' title='bbox 567 2011 626 2062; x_wconf 86' lang='lat' dir='ltr'><strong>urbi</strong></span> 
     </span>
     <span class='ocr_line' id='line_1_29' title="bbox 59 2075 709 2150; baseline -0.012 -13"><span class='ocrx_word' id='word_1_188' title='bbox 59 2086 221 2150; x_wconf 84' lang='lat' dir='ltr'><strong>Improvisus</strong></span> <span class='ocrx_word' id='word_1_189' title='bbox 228 2087 310 2146; x_wconf 78' lang='lat' dir='ltr'><strong>edes13</strong></span> <span class='ocrx_word' id='word_1_190' title='bbox 319 2075 423 2136; x_wconf 71' lang='lat' dir='ltr'><strong>maeuiis</strong></span> <span class='ocrx_word' id='word_1_191' title='bbox 431 2102 508 2150; x_wconf 88' lang='lat' dir='ltr'><strong>quem</strong></span> <span class='ocrx_word' id='word_1_192' title='bbox 518 2085 638 2133; x_wconf 81' lang='lat' dir='ltr'><strong>Thracius</strong></span> <span class='ocrx_word' id='word_1_193' title='bbox 647 2081 709 2130; x_wconf 84' lang='lat' dir='ltr'><strong>albis</strong></span> 
     </span>
     <span class='ocr_line' id='line_1_30' title="bbox 59 2152 719 2224; baseline -0.008 -17"><span class='ocrx_word' id='word_1_194' title='bbox 59 2159 152 2207; x_wconf 78' lang='lat' dir='ltr'><strong>Portet</strong></span> <span class='ocrx_word' id='word_1_195' title='bbox 159 2156 388 2224; x_wconf 55' lang='lat' dir='ltr'><strong>equesen-istique</strong></span> <span class='ocrx_word' id='word_1_196' title='bbox 396 2158 460 2221; x_wconf 81' lang='lat' dir='ltr'><strong>tegit</strong></span> <span class='ocrx_word' id='word_1_197' title='bbox 468 2156 538 2220; x_wconf 70' lang='lat' dir='ltr'><strong>galea</strong></span> <span class='ocrx_word' id='word_1_198' title='bbox 547 2169 622 2203; x_wconf 71' lang='lat' dir='ltr'><strong>aurea</strong></span> <span class='ocrx_word' id='word_1_199' title='bbox 631 2152 719 2202; x_wconf 74' lang='lat' dir='ltr'><strong>rubri.</strong></span> 
     </span>
     <span class='ocr_line' id='line_1_31' title="bbox 60 2222 788 2293; baseline -0.011 -15"><span class='ocrx_word' id='word_1_200' title='bbox 60 2229 157 2293; x_wconf 81' lang='lat' dir='ltr'><strong>Ecquis</strong></span> <span class='ocrx_word' id='word_1_201' title='bbox 165 2230 215 2277; x_wconf 83' lang='lat' dir='ltr'><strong>erit</strong></span> <span class='ocrx_word' id='word_1_202' title='bbox 222 2222 330 2289; x_wconf 54' lang='lat' dir='ltr'><strong>micum,</strong></span> <span class='ocrx_word' id='word_1_203' title='bbox 335 2228 457 2291; x_wconf 82' lang='lat' dir='ltr'><strong>juvenes?</strong></span> <span class='ocrx_word' id='word_1_204' title='bbox 465 2228 512 2291; x_wconf 85' lang='lat' dir='ltr'><strong>qui</strong></span> <span class='ocrx_word' id='word_1_205' title='bbox 518 2227 617 2292; x_wconf 78' lang='lat' dir='ltr'><strong>primus</strong></span> <span class='ocrx_word' id='word_1_206' title='bbox 626 2226 655 2272; x_wconf 90' lang='lat' dir='ltr'><strong>in</strong></span> <span class='ocrx_word' id='word_1_207' title='bbox 660 2224 788 2273; x_wconf 69' lang='lat' dir='ltr'><strong>hostemd</strong></span> 
     </span>
     <span class='ocr_line' id='line_1_32' title="bbox 60 2297 760 2363; baseline -0.009 -15"><span class='ocrx_word' id='word_1_208' title='bbox 60 2301 116 2358; x_wconf 84' lang='lat' dir='ltr'><strong>En,</strong></span> <span class='ocrx_word' id='word_1_209' title='bbox 126 2301 173 2347; x_wconf 82' lang='lat' dir='ltr'><strong>ait:</strong></span> <span class='ocrx_word' id='word_1_210' title='bbox 184 2309 208 2346; x_wconf 87' lang='lat' dir='ltr'><strong>et</strong></span> <span class='ocrx_word' id='word_1_211' title='bbox 213 2298 327 2363; x_wconf 83' lang='lat' dir='ltr'><strong>jaculum</strong></span> <span class='ocrx_word' id='word_1_212' title='bbox 335 2299 490 2363; x_wconf 78' lang='lat' dir='ltr'><strong>adtorquens</strong></span> <span class='ocrx_word' id='word_1_213' title='bbox 501 2297 595 2346; x_wconf 82' lang='lat' dir='ltr'><strong>emittit</strong></span> <span class='ocrx_word' id='word_1_214' title='bbox 600 2297 629 2344; x_wconf 89' lang='lat' dir='ltr'><strong>in</strong></span> <span class='ocrx_word' id='word_1_215' title='bbox 636 2311 725 2356; x_wconf 81' lang='lat' dir='ltr'><strong>auras,</strong></span> <span class='ocrx_word' id='word_1_216' title='bbox 755 2308 760 2314; x_wconf 75' lang='grc'><em>’</em></span> 
     </span>
     <span class='ocr_line' id='line_1_33' title="bbox 60 2365 759 2435; baseline -0.009 -16"><span class='ocrx_word' id='word_1_217' title='bbox 60 2370 225 2433; x_wconf 75' lang='lat' dir='ltr'><strong>Principium</strong></span> <span class='ocrx_word' id='word_1_218' title='bbox 230 2385 333 2435; x_wconf 75' lang='lat' dir='ltr'><strong>pugnes,</strong></span> <span class='ocrx_word' id='word_1_219' title='bbox 342 2380 368 2418; x_wconf 85' lang='lat' dir='ltr'><strong>et</strong></span> <span class='ocrx_word' id='word_1_220' title='bbox 375 2385 464 2433; x_wconf 83' lang='lat' dir='ltr'><strong>eampo</strong></span> <span class='ocrx_word' id='word_1_221' title='bbox 474 2384 525 2416; x_wconf 82' lang='lat' dir='ltr'><strong>sese</strong></span> <span class='ocrx_word' id='word_1_222' title='bbox 533 2367 627 2415; x_wconf 85' lang='lat' dir='ltr'><strong>arduus</strong></span> <span class='ocrx_word' id='word_1_223' title='bbox 638 2365 723 2414; x_wconf 85' lang='lat' dir='ltr'><strong>infert.</strong></span> <span class='ocrx_word' id='word_1_224' title='bbox 754 2372 759 2379; x_wconf 87' lang='lat'><em>&#39;</em></span> 
     </span>
     <span class='ocr_line' id='line_1_34' title="bbox 62 2439 718 2509; baseline -0.006 -20"><span class='ocrx_word' id='word_1_225' title='bbox 62 2439 180 2509; x_wconf 77' lang='lat' dir='ltr'><strong>Ciamore</strong></span> <span class='ocrx_word' id='word_1_226' title='bbox 189 2442 319 2504; x_wconf 59' lang='lat' dir='ltr'><strong>excipiunt</strong></span> <span class='ocrx_word' id='word_1_227' title='bbox 327 2442 398 2495; x_wconf 83' lang='lat' dir='ltr'><strong>sosii,</strong></span> <span class='ocrx_word' id='word_1_228' title='bbox 411 2441 718 2502; x_wconf 78' lang='lat' dir='ltr'><strong>fremituquesequuntnr</strong></span> 
     </span>
     <span class='ocr_line' id='line_1_35' title="bbox 64 2507 687 2573; baseline -0.005 -14"><span class='ocrx_word' id='word_1_229' title='bbox 64 2511 218 2561; x_wconf 85' lang='lat' dir='ltr'><strong>Horrisouo:</strong></span> <span class='ocrx_word' id='word_1_230' title='bbox 228 2509 355 2559; x_wconf 78' lang='lat' dir='ltr'><strong>Tencrdm</strong></span> <span class='ocrx_word' id='word_1_231' title='bbox 364 2512 492 2567; x_wconf 86' lang='lat' dir='ltr'><strong>mirantur</strong></span> <span class='ocrx_word' id='word_1_232' title='bbox 500 2509 590 2557; x_wconf 86' lang='lat' dir='ltr'><strong>inertia</strong></span> <span class='ocrx_word' id='word_1_233' title='bbox 598 2507 687 2573; x_wconf 48' lang='lat' dir='ltr'><strong>eorda</strong></span> 
     </span>
     <span class='ocr_line' id='line_1_36' title="bbox 65 2580 638 2645; baseline -0.007 -13"><span class='ocrx_word' id='word_1_234' title='bbox 65 2583 125 2632; x_wconf 80' lang='lat' dir='ltr'><strong>Non</strong></span> <span class='ocrx_word' id='word_1_235' title='bbox 133 2596 203 2645; x_wconf 73' lang='lat' dir='ltr'><strong>aeque</strong></span> <span class='ocrx_word' id='word_1_236' title='bbox 213 2581 270 2631; x_wconf 85' lang='lat' dir='ltr'><strong>dare</strong></span> <span class='ocrx_word' id='word_1_237' title='bbox 281 2598 307 2631; x_wconf 88' lang='lat' dir='ltr'><strong>se</strong></span> <span class='ocrx_word' id='word_1_238' title='bbox 316 2598 416 2645; x_wconf 84' lang='lat' dir='ltr'><strong>campo,</strong></span> <span class='ocrx_word' id='word_1_239' title='bbox 426 2597 481 2630; x_wconf 88' lang='lat' dir='ltr'><strong>non</strong></span> <span class='ocrx_word' id='word_1_240' title='bbox 490 2580 563 2628; x_wconf 78' lang='lat' dir='ltr'><strong>obvia</strong></span> <span class='ocrx_word' id='word_1_241' title='bbox 572 2580 638 2628; x_wconf 84' lang='lat' dir='ltr'><strong>ferre</strong></span> 
     </span>
     <span class='ocr_line' id='line_1_37' title="bbox 53 2648 787 2715; baseline -0.007 -13"><span class='ocrx_word' id='word_1_242' title='bbox 53 2676 56 2679; x_wconf 97' lang='lat'>·</span> <span class='ocrx_word' id='word_1_243' title='bbox 66 2655 142 2702; x_wconf 74' lang='lat' dir='ltr'><strong>Arma</strong></span> <span class='ocrx_word' id='word_1_244' title='bbox 150 2652 224 2715; x_wconf 83' lang='lat' dir='ltr'><strong>viros,</strong></span> <span class='ocrx_word' id='word_1_245' title='bbox 231 2652 357 2702; x_wconf 76' lang='lat' dir='ltr'><strong>sedesstre</strong></span> <span class='ocrx_word' id='word_1_246' title='bbox 366 2654 458 2704; x_wconf 86' lang='lat' dir='ltr'><strong>fovere.</strong></span> <span class='ocrx_word' id='word_1_247' title='bbox 466 2650 729 2715; x_wconf 61' lang='lat' dir='ltr'><strong>flueren-hiemeque</strong></span> <span class='ocrx_word' id='word_1_248' title='bbox 735 2648 787 2698; x_wconf 83' lang='lat' dir='ltr'><strong>hue</strong></span> 
     </span>
    </p>
   </div>
   <div class='ocr_carea' id='block_1_3' title="bbox 0 0 952 3025">
    <p class='ocr_par' dir='ltr' id='par_1_3' title="bbox 0 0 952 3025">
     <span class='ocr_line' id='line_1_38' title="bbox 0 0 952 3025; baseline 0 0"><span class='ocrx_word' id='word_1_249' title='bbox 0 0 952 3025; x_wconf 95' lang='lat' dir='ltr'><strong> </strong></span> 
     </span>
    </p>
   </div>
  </div>
 </body>
</html>
