1825 3025
36 122 130 184 virs.
304 121 436 174 tanna
453 125 474 171 1.
714 130 746 185 r,

38 210 180 273 Ingenium,
189 220 234 258 aut
243 224 327 259 rernm
336 210 387 260 fato
396 210 529 275 prudentia
538 209 629 274 major:
642 275 645 280 ,
709 265 716 280 .

39 280 142 339 Verum,
154 277 196 329 ubi
206 291 337 346 tempestas
344 293 369 328 et
377 281 434 329 coeli
442 281 542 330 mobilia
550 277 642 352 humo}
724 332 730 338 ,

39 350 166 400 Mutavere
175 354 238 409 vias,
249 362 273 398 et
279 352 392 415 juppiter
401 352 494 399 nvidus
502 352 594 398 austris

41 420 126 469 Denset
135 432 205 470 erant
214 433 271 485 qnae
281 437 336 467 rara
345 422 431 480 modo,
440 432 466 468 ct
475 436 532 485 qnae
541 420 615 469 densa
624 419 717 470 relaxat
722 456 731 483 ,

41 488 176 552 Vertnntnr
184 493 276 555 species
285 492 439 550 animorum,
448 502 473 539 et
482 499 581 555 pectora
591 502 675 539 motus

42 559 110 608 Nunc
118 563 189 618 alios,
198 561 332 623 alios‚dum
341 561 426 608 nubila
435 572 526 608 ventus
534 560 638 623 agebat,

43 626 196 693 succipiunt:
204 632 265 678 hinc
274 631 316 679 ille
325 631 409 678 avium
419 642 554 680 concentus
563 632 591 677 in
599 631 681 693 agris,

41 696 69 745 lit
76 699 133 750 laetae
141 702 260 765 pecudes,
270 711 295 749 et
304 696 405 751 ovantes
415 714 517 767 gutture
527 701 605 750 corvi.

73 771 97 816 Si
105 774 163 820 verit
171 773 249 820 solem
258 772 290 819 ad
298 772 415 837 rapidum
424 773 547 837 lunasque
556 783 687 837 sequentes

43 836 129 888 0td'rue
137 844 263 907 respicies,
273 858 413 907 numquam
422 853 446 890 tc
455 845 563 891 crastina
572 844 641 891 fallet

42 907 112 968 Hora,
121 903 202 977 neque
210 912 307 960 insidiis
317 913 398 961 noctis
407 914 503 976 capiere
512 930 611 962 serenae.

44 977 105 1028 Lana
113 994 262 1031 revertentes
271 1000 351 1048 quum
360 982 473 1047 primiam
482 984 577 1047 coiligit
585 985 672 1049 ignes,

45 1049 69 1096 Si
76 1053 170 1115 nigrum
178 1053 284 1102 obscuro
294 1054 479 1117 comprenderit
489 1058 544 1101 acra
553 1072 650 1116 cornu,

46 1120 159 1171 Maximus
168 1123 281 1188 agricolis
289 1122 428 1187 pelagoque
437 1124 567 1188 parabitur
575 1126 657 1173 imber
666 1143 673 1172 τ

47 1190 84 1250 At,
92 1194 112 1239 si
120 1196 258 1257 virgineum
267 1193 401 1241 suffuderit
411 1210 455 1242 ore
464 1195 582 1242 ruborem
592 1231 599 1252 ‚

47 1261 130 1311 Ventus
138 1269 196 1323 erit3
207 1274 280 1312 rento
289 1280 386 1329 semper
396 1263 470 1312 rubet
479 1281 553 1312 aurea
563 1265 670 1313 Phoebe:

48 1332 85 1380 Sin
92 1346 145 1383 ortu
153 1337 180 1382 in
189 1346 279 1398 quarto
288 1334 412 1400 (namque
421 1337 442 1382 is
451 1336 601 1383 certissimus
610 1336 714 1401 auctor)

47 1401 114 1461 Pura,
121 1421 201 1469 neque
209 1406 305 1454 obtusis
313 1406 459 1469 percoelnm
468 1405 587 1453 cornibus
595 1405 658 1467 ibit,

49 1472 115 1523 Totus
122 1487 144 1524 ct
152 1476 192 1525 ille
202 1476 264 1535 dics,
274 1486 299 1524 et
308 1478 354 1542 qui
363 1488 497 1526 nascentur
505 1476 537 1524 ab
545 1476 589 1525 illo

50 1544 153 1594 Enuum
161 1547 191 1595 ad
200 1546 418 1612 mensem‚'pluvii
427 1549 557 1612 ventisque
566 1547 702 1609 carebunt,

50 1613 147 1679 Votaque
155 1619 244 1665 servati
253 1614 350 1665 solvent
359 1619 387 1665 in
395 1618 481 1675 littore
490 1629 572 1666 nautae

51 1684 129 1735 Glauco
137 1699 159 1736 et
167 1691 286 1752 Panopeae
295 1699 318 1735 et
329 1692 393 1737 Inoo
399 1690 545 1737 Melicertes

78 1757 221 1822 Solquoqne,
227 1761 409 1817 etexoriens,et
415 1776 496 1823 quum
502 1757 652 1807 secondetin
660 1758 747 1817 undas,

50 1824 113 1888 Signa
121 1829 193 1876 dabit:
204 1829 281 1876 solem
290 1831 425 1877 certissima
435 1832 506 1892 signa
515 1838 675 1891 sequnntur,
687 1845 689 1847 ’

50 1893 75 1941 Et
82 1913 131 1961 quae
138 1899 206 1949 mania
216 1897 303 1956 refert,
313 1910 338 1946 et
348 1916 404 1963 quae
414 1898 574 1962 surgentibus
583 1899 664 1945 astris.

77 1966 116 2013 tlte
125 1968 164 2016 nbi
173 1979 312 2017 nascentem
322 1969 427 2017 maculis
436 1969 571 2017 variaverit
579 1978 665 2016 ortum

52 2033 153 2087 Conditus
163 2041 188 2087 in
196 2038 301 2098 nubem,
312 2040 444 2104 medioque
455 2030 573 2100 refugerit
583 2037 664 2101 orbe,

52 2104 144 2172 inspecti
153 2110 196 2158 tibi
204 2111 256 2158 sint
265 2108 369 2157 imbres:
379 2126 488 2173 namque
497 2120 571 2172 urget
580 2108 612 2158 al>
619 2109 674 2160 alto

52 2174 218 2246 Arborihnsqne
227 2182 335 2245 satisque
344 2180 427 2230 Notus
434 2182 570 2246 pecorique
579 2182 687 2230 sinister.

54 2245 94 2295 Aut
101 2250 140 2297 ubi
147 2254 191 2299 sub
199 2253 282 2301 lucem
292 2252 366 2300 densa
376 2253 443 2299 inter
451 2251 538 2298 nubila
548 2268 600 2299 sese

54 2312 133 2367 Diversi
140 2334 252 2387 rumpent
261 2323 338 2382 radii,
348 2335 394 2371 aut
402 2322 446 2371 ubi
455 2322 546 2387 pallida
556 2332 642 2387 surget

54 2382 136 2438 Tithoni
144 2407 254 2442 croceum
262 2393 380 2458 linquens
389 2394 488 2442 Aurora
497 2393 594 2451 cubile;

55 2454 107 2505 Heu!
115 2462 170 2510 mali
178 2475 233 2512 tum
242 2466 316 2511 mites
323 2464 438 2512 defendet
446 2466 581 2528 pampinus
591 2477 666 2520 uvas,

54 2525 102 2575 Tam
110 2532 177 2580 unita
186 2536 215 2581 in
223 2535 294 2581 tectis
303 2536 426 2598 crepitans
436 2531 604 2581 salitirorrida
614 2528 717 2592 grando.

81 2599 125 2647 Hoc
132 2604 211 2661 ctiam,
219 2616 321 2651 emenso
330 2604 409 2667 quutfi
416 2602 469 2666 jam
479 2602 578 2649 decedet
587 2600 703 2663 olympo,

36 2665 157 2747 3P10foe1r't
165 2673 303 2725 meminisse
312 2675 472 2739 magianum
481 2668 667 2734 reperiamus
808 2674 810 2677 ’
