1825 3025
59 158 164 233 misi.
311 177 440 226 cisen
457 175 535 225 s11.
737 172 786 240 377

63 269 159 322 Lente,
169 263 229 313 levis
239 280 326 323 cursu,
335 264 437 329 praefixe
448 264 547 313 hastilia
556 265 636 323 ferro,

64 339 169 385 Eorum
178 352 260 383 unum
268 347 335 384 certo
344 348 514 400 contorquens
523 335 606 399 dirigit
614 336 674 383 ictu.

68 407 187 455 Substitit
196 407 303 463 Aeneas,
311 418 336 454 et
345 424 370 454 se
379 407 478 470 collegit
486 409 516 454 in
523 422 605 464 arma,

67 478 167 540 Poplite
176 477 316 543 subsidens:
326 478 420 541 apicem
429 488 513 533 tamen
520 478 596 525 incita
604 478 732 526 summum

67 550 147 595 llusta
156 548 226 605 tulit,
237 560 393 612 summusque
402 548 511 597 excussit
520 548 711 602 verticeeristas.

67 620 140 665 Tum
150 619 208 666 vero
217 629 350 680 assurgunt
359 619 414 676 iree3
423 617 570 682 insidiisque
579 617 709 678 subactus,

66 689 191 737 Diversus
199 687 243 735 ubi
252 689 326 735 sensit
335 704 413 753 equos
421 703 576 753 currumque
584 688 685 746 reterri,

67 759 155 815 Multa
164 761 252 806 ⁴lovem
261 768 284 805 et
293 758 344 805 laesi
352 768 455 806 testatus
466 759 563 807 foederis
572 775 640 816 aras,

67 834 129 876 Jam
139 828 239 875 tandem
247 829 341 876 invadit
349 828 458 886 medios,
469 826 591 886 et‚'mnite
601 827 711 876 secundo

67 898 308 954 Terribilissssaevam
318 899 388 947 nullo
397 899 538 949 discrimine
546 896 636 946 eudem
674 924 676 928 ·

69 969 193 1025 suscitet,
202 968 344 1034 irarumque
353 986 438 1017 omues
448 970 554 1017 effundit
563 968 678 1019 habenas.

57 1038 86 1099 γ
98 1037 175 1101 ‚Quis
182 1039 244 1086 mihi
251 1057 317 1089 nunc
326 1051 363 1088 tot
368 1039 454 1088 acerbe
460 1041 533 1097 deus,
540 1036 790 1104 quiscarmiuecaedes

67 1109 200 1167 Diversus,
210 1108 356 1174 obitumque
365 1110 458 1158 ducum
468 1127 531 1175 quos
540 1126 640 1174 aequore
648 1121 702 1158 toto

69 1184 155 1245 Inque
163 1180 241 1227 vicem
250 1196 318 1228 nunc
326 1178 428 1228 Turnus
433 1182 499 1244 ugit,
506 1198 574 1229 nunc
583 1181 674 1229 Troius
680 1180 770 1239 heros,

68 1251 320 1316 Expedisti'l'unton'
330 1250 423 1314 placuit
431 1267 579 1300 concurrere
588 1262 672 1314 motu,
692 1308 693 1311 Ἰ

68 1323 204 1386 luppiter,
212 1320 302 1369 aeterni
310 1332 393 1384 gentes
402 1321 429 1370 iu
437 1337 496 1386 pace
505 1322 617 1368 suturas!
678 1334 690 1342 ··

70 1394 169 1442 Aenesi
178 1390 303 1440 Rutulum
312 1394 448 1441 Sucronem
457 1391 501 1456 (ea
509 1392 589 1454 prims
599 1401 700 1438 ruentes

69 1466 159 1528 Pugna
168 1463 223 1512 loco
232 1462 318 1509 statuit
327 1461 449 1527 Teucros)
457 1461 526 1511 haud
535 1460 612 1509 multe
621 1473 731 1509 moratus

69 1536 177 1599 Excipit
180 1535 207 1582 iu
215 1535 294 1591 latus,
303 1543 340 1592 et,
350 1532 399 1598 qud
408 1536 457 1581 fata
467 1532 604 1591 celerrime,
614 1532 721 1590 crudum

70 1602 229 1669 Tra'nsadigit
237 1615 315 1672 costas
324 1615 349 1654 et
358 1615 436 1652 crates
441 1604 552 1669 'pectoris
559 1619 650 1651 ensem.

70 1678 177 1725 Turdus
185 1692 251 1740 equo
260 1671 382 1739 dejectum
392 1677 516 1738 Amycum
523 1671 779 1738 fratremqueDioreu

70 1748 227 1812 congressus
234 1746 321 1811 pedes,
329 1747 400 1793 hune
409 1747 548 1793 venientem
556 1745 658 1809 cuspide
667 1744 757 1811 longi,

70 1821 150 1867 Hunc
159 1833 277 1866 mucrone
285 1816 354 1876 ferit3
363 1832 492 1880 curruque
500 1815 591 1864 abscisa
599 1817 710 1865 duorum

72 1888 210 1954 Suspendit
218 1888 308 1953 cupita,
317 1899 341 1936 et
351 1889 461 1936 rorsutia
470 1889 588 1952 sauguine
595 1897 687 1952 portat.

72 1960 120 2010 Ille
130 1959 220 2016 Talon,
229 1960 383 2023 Tanaimque
392 1959 458 2016 neci,
468 1959 607 2023 fortemque
617 1958 769 2022 Cethegum,

71 2033 137 2094 Tres
146 2046 198 2077 uuo
205 2045 351 2093 congressu,
361 2039 385 2076 et
394 2040 508 2077 mustum
517 2030 593 2077 mittit
601 2025 701 2092 Ouyten
710 2062 719 2089 ,

71 2099 174 2150 Nomen
183 2100 342 2158 Echionium,
352 2100 487 2165 matrisque
496 2116 573 2162 genus
582 2099 690 2148 Peridiae.

73 2172 124 2219 Hic
133 2171 218 2217 fratres
226 2169 299 2233 nycte
308 2171 395 2218 missos
403 2180 428 2217 et
436 2169 561 2233 Apollinis
569 2169 649 2233 agris,

72 2242 108 2291 Et
113 2239 231 2305 juvenem
239 2251 344 2289 exosum
353 2237 523 2304 nequidquam
532 2239 595 2286 bella
605 2241 730 2286 Menoeten
802 2269 804 2274 -

75 2311 184 2369 Arcadu3
193 2312 294 2374 piscosae
301 2311 343 2359 cui
351 2311 445 2358 circum
454 2310 557 2357 flumine
567 2312 650 2358 Leruae

76 2384 126 2432 Ars
134 2384 227 2438 fuerat,
235 2396 379 2445 pauperque
388 2380 491 2436 domum
499 2395 544 2427 uec
552 2390 610 2427 note
619 2389 748 2442 potentum

75 2454 184 2510 lirnium
193 2451 364 2515 conductisque
372 2462 442 2515 pater
452 2449 540 2497 tellure
549 2448 652 2495 serebat.

76 2526 115 2573 'Ac
125 2523 193 2572 velut
200 2523 303 2571 immissi
311 2522 416 2570 diversis
424 2518 537 2586 pertibus
545 2520 614 2582 ignes

78 2589 197 2643 Arentem
206 2594 233 2640 iu
242 2591 328 2641 silvam
336 2604 363 2640 ct
369 2591 477 2657 virgulta
486 2590 597 2639 sonantia
606 2589 692 2646 lnuro3

78 2666 132 2713 Aut
140 2663 185 2711 ubi
192 2664 298 2712 decursu
307 2663 393 2727 rapido
402 2663 433 2711 de
441 2661 567 2709 montibus
576 2660 631 2706 altis

77 2737 146 2792 Dant
154 2735 264 2784 sonitum
272 2734 383 2801 spumosi
391 2747 488 2795 omues,
496 2743 522 2782 et
530 2734 556 2780 in
564 2745 663 2799 aeqnora
672 2736 792 2778 currunt-

665 2801 706 2868 si.
