1825 3025
179 88 229 137 ada
421 83 466 132 ΑΕ
474 82 499 134 N
509 81 583 154 EIND
593 80 643 129 OS
803 98 825 131 v.
835 84 879 147 737.

176 173 300 222 &mauce
306 168 427 235 populos,
436 181 462 219 et
471 186 527 236 qua
536 168 602 233 rigat
610 184 712 234 aequora
722 168 828 229 Sarnus,

176 244 281 308 Quique
287 241 392 302 linires,
402 241 574 308 Batulumque
583 252 684 301 teuent,
697 251 775 306 atque
782 258 837 291 arva
845 240 879 289 Ge

239 336 244 345 ·
283 312 378 371 lenna,

175 382 206 432 Et
214 400 280 448 quos
289 384 405 432 maliferae
414 381 560 449 despectant
568 383 660 432 moeuia
669 381 775 431 Abellae:

176 455 314 503 Teutonico
324 456 375 503 ritu
383 453 451 504 soliti
459 466 580 520 torquere
588 455 692 511 cateias;

175 523 295 589 Tegmina
304 527 375 598 qpeis
383 526 494 591 capitum
505 537 593 591 raptus
603 525 633 573 de
643 525 733 573 subere
741 534 835 581 rortex3

176 595 323 662 Aerataeque
331 598 423 645 micant
432 598 518 662 peltae,
527 598 603 645 micat
612 612 691 644 aereus
701 592 775 644 ends.

213 668 242 715 Et
251 678 276 716 te
284 678 404 717 montosae
412 667 502 716 misire
511 669 540 717 in
547 666 635 732 proelia
644 667 743 727 Nersa,
755 707 760 716 ,

175 738 268 796 Ufens,
276 739 400 802 insignem
409 737 475 787 fami
485 750 509 788 et
518 738 633 787 felicibus
641 739 733 795 armis3
783 757 785 766 ¹

176 808 286 858 Horrida
293 810 416 874 praecipui
426 811 468 858 cni
478 825 551 873 gens,
561 820 710 873 assuetaque
719 806 796 855 multo

176 879 278 929 Venatu
287 896 430 940 nemorum,
441 880 514 929 duma
523 880 664 945 Aequicula
673 879 763 943 glebis:

177 950 276 1000 Armati
284 963 375 1000 terram
384 962 516 1010 exercent,
526 967 675 1016 semperque
683 961 792 998 recentes

177 1020 330 1070 convectare
335 1021 409 1088 juvat
417 1022 529 1086 praedas,
537 1033 563 1069 et
571 1023 656 1070 rivere
665 1032 745 1085 rapto.

213 1091 284 1157 Quin
293 1103 317 1139 et
326 1092 457 1140 Marrubii
466 1094 536 1140 venit
546 1092 576 1140 de
585 1103 659 1157 geute
667 1091 792 1148 sacerdos,

176 1161 275 1209 Fronde
283 1178 359 1227 super
368 1163 463 1228 galeam
472 1175 497 1212 et
506 1163 573 1211 felici
582 1173 700 1227 comptus
709 1162 784 1222 olivi,
814 1186 817 1194 ·

176 1229 298 1296 Archippi
308 1235 373 1297 regis
381 1235 473 1293 missu,
483 1234 636 1283 fortissime
644 1233 755 1282 Umbro:
837 1241 839 1248 ⁴

175 1302 286 1368 Vipereo
293 1305 378 1366 generi
386 1315 411 1353 et
419 1306 529 1369 graviter
538 1303 694 1369 spirantibus
702 1304 787 1369 hydris

177 1362 298 1437 Sparfiere
307 1376 351 1439 qui
359 1392 461 1424 somnos
471 1386 600 1440 cantuque
607 1392 737 1438 manuque
745 1373 835 1428 solebat,

178 1444 356 1511 Mulcebatque
363 1447 426 1504 iras,
435 1458 460 1494 et
469 1463 573 1495 morsus
579 1457 632 1494 arte
640 1445 747 1494 levabat.

177 1515 227 1565 sed
236 1533 289 1566 non
296 1517 428 1566 Dardaniae
435 1519 554 1567 medicari
563 1517 676 1582 cuspidis
684 1520 762 1566 ictum
791 1550 798 1573 ,

176 1588 291 1646 Evaluit3
298 1605 385 1654 neque
391 1606 449 1636 eum
455 1589 546 1654 juvere
555 1589 584 1636 in
592 1589 698 1637 vulnera
706 1600 790 1636 cantus

178 1660 324 1717 somniferi,
335 1671 359 1707 et
369 1660 459 1708 Marsis
469 1661 579 1724 quaesitae
587 1659 717 1707 montibus
725 1659 806 1721 herba.
823 1718 824 1723 ¹

146 1744 149 1749 ’
179 1730 214 1778 Te
223 1746 311 1778 nemus
320 1730 459 1794 Angustia,
469 1728 548 1779 vitrei
557 1742 581 1778 te
590 1732 701 1779 Fucinus
708 1730 787 1789 nudi,

179 1802 214 1849 Te
221 1800 316 1867 liquidi
321 1798 411 1848 flevere
418 1800 497 1849 lacus.

213 1871 269 1921 Ibat
278 1883 302 1918 et
310 1871 440 1936 Hippolyti
448 1872 533 1936 proles
541 1868 711 1935 pulcherrima
720 1869 783 1918 bello

178 1942 294 2000 Virbius,
300 1942 427 2005 insignem
436 1959 513 2006 quem
522 1953 601 2007 rqater
610 1943 695 1990 Aricia
705 1942 781 1998 misit,

178 2010 404 2078 Eductum'llgeriae
411 2013 488 2072 lucis,
497 2013 629 2061 bumentia
638 2014 733 2060 circum

79 2122 84 2129 .
179 2084 285 2141 Littora,
293 2083 396 2148 pinguis
404 2083 448 2131 ubi
457 2095 483 2132 et
491 2082 621 2149 placabilis
629 2100 672 2131 ara
681 2085 772 2131 Diana.

160 2174 165 2179 ·
179 2154 294 2220 Namque
310 2153 396 2202 ferunt
412 2154 478 2203 sami
495 2155 681 2221 Hippolytum,
693 2138 861 2219 postquami&

285 2240 399 2273 novercae

179 2292 317 2350 Occiderit,
326 2295 468 2359 patriasque
477 2293 584 2360 explirit
593 2296 715 2360 sanguine
724 2307 797 2359 poentt

180 2359 296 2408 Turbatis
305 2362 438 2412 distractus
447 2367 531 2429 equis,
540 2366 571 2413 ad
579 2367 658 2414 sidera
668 2383 753 2414 rursus

179 2429 296 2476 Aetheria
304 2441 329 2476 et
338 2447 439 2494 superas
448 2436 503 2483 coeli
512 2437 609 2484 venisse
618 2437 667 2484 sub
675 2453 757 2494 auras,

180 2494 285 2544 Paeoniis
293 2511 436 2549 revocatum
444 2503 531 2554 herbis
540 2517 564 2553 et
572 2522 657 2554 amore
666 2509 756 2555 Diana.
847 2494 851 2523 ¹

179 2565 244 2613 rum
249 2570 493 2639 pateromuipotens‚
501 2575 610 2639 aliquem
614 2558 856 2641 indignersabuulri

153 2690 157 2693 ¹
179 2633 312 2717 Mortalem
321 2637 425 2689 inferuis
433 2641 465 2689 ad
473 2640 569 2694 lumina
578 2662 682 2711 surgere
690 2649 753 2704 vita,
