1825 3025
109 64 181 99 Ιινι
339 42 536 94 VIRGILII
553 40 665 87 VITA.
696 51 699 58 ’

112 165 117 172 ’
135 169 194 204 rum
202 148 435 217 qmndecim,cujns
443 142 543 194 materia
552 145 608 193 talis
618 157 665 192 est:
675 146 761 191 Pastor
766 142 856 206 fatiga·
863 155 875 174 ν’

136 254 177 291 tus
187 250 250 289 aestu
261 253 341 303 quum
354 236 403 285 sub
415 235 504 284 arbore
518 234 697 292 obdormisset,
712 244 738 280 et
750 235 855 297 s‘erpens

135 330 167 378 ad
175 329 249 378 illum
258 336 402 392 proreperet
414 340 428 372 e
440 323 547 388 palude,
563 323 637 371 culex
648 306 803 387 provolavit,
819 333 857 368 at·

136 435 186 484 que
199 409 266 465 inter
279 401 331 463 duo
345 424 457 478 tempora
470 411 586 460 aculeum
594 409 651 458 fixit
659 412 760 475 pastori.
770 410 805 458 At
813 409 857 457 ille

109 533 111 538 r
132 507 259 582 continuo
272 505 375 552 culicem
386 502 521 559 contrivit,
533 512 559 549 et
572 500 654 548 visum
667 509 807 564 serpentem
816 499 857 545 in:

136 596 249 655 teremit,
262 611 290 642 ao
291 573 445 658 sepulcrum
457 590 532 639 culici
540 585 645 644 statuit,
657 598 682 636 et
691 587 817 636 distichon
823 587 859 635 fe:

136 688 185 735 cit:
203 709 206 714 ·

136 808 227 861 Parae
240 807 333 866 culex,
344 802 480 874 pecudum
493 812 586 879 costos
600 801 654 854 tibi
667 803 725 853 tale
739 809 861 854 merenti

100 939 104 944 ,
171 887 292 948 Funeris
303 891 429 969 officium
436 909 447 955 ‚¹
454 899 528 946 vitae
534 912 586 964 pro
597 909 722 953 mernere,
733 885 836 949 reddit.

96 1027 99 1034 ’
137 1020 241 1085 Scripsit
250 1021 338 1078 etiam,
352 1019 383 1068 de
394 1018 445 1084 qui
453 1018 603 1083 ambigitur,
614 1018 727 1066 Aetnam.
740 1018 772 1064 Et
782 1033 859 1084 mox,

112 1095 125 1106 ἅ
137 1126 218 1174 quum
233 1125 272 1156 res
285 1111 410 1157 Romanas
426 1108 579 1166 inchoasset,
589 1097 702 1156 offensus
716 1102 818 1154 materii
833 1120 861 1157 et

137 1191 270 1262 nominum
279 1198 423 1261 asperitate,
432 1197 464 1245 ad
471 1196 589 1245 Bucolica
595 1196 693 1244 transiit
698 1213 706 1255 3
715 1195 822 1243 maximi
829 1208 861 1245 nt

137 1286 255 1334 Asinium
270 1285 424 1344 Pollionem,
438 1286 584 1350 Alpheum
600 1288 712 1343 Varum,
723 1295 747 1332 et
764 1284 861 1334 Corne=

134 1371 201 1420 lium
223 1373 337 1433 Gallum,
350 1374 513 1433 celebraret3
539 1376 598 1440 quia
626 1375 654 1421 iu
682 1372 863 1424 distributione

137 1477 256 1526 agrorum
265 1464 311 1527 qui
320 1474 379 1529 post
388 1464 575 1530 Philippensem
582 1461 711 1513 victoriam
721 1465 845 1512 veteranis
854 1500 883 1525 ,.„

137 1550 332 1600 triumvirorum
342 1553 429 1616 jussu,
439 1563 510 1606 trans
519 1553 614 1601 Padum
624 1550 811 1623 dividebamur,
821 1554 863 1601 in,

138 1640 254 1688 demuem
268 1657 294 1688 se
306 1642 489 1705 praestitissent.
499 1642 595 1690 Deinde
605 1642 725 1704 Georgica
737 1642 765 1688 in
777 1641 863 1691 hono=

138 1744 193 1776 rem
201 1729 342 1778 Maecenatis
352 1731 444 1790 edidit,
454 1748 535 1795 qaam
545 1730 592 1779 sibi
602 1730 708 1779 vixdum
713 1723 778 1780 ¹noto
787 1748 864 1796 opem

138 1815 237 1865 tulisset
245 1815 364 1867 adversita
375 1819 475 1868 Claudii
484 1820 594 1868 veterani
603 1819 704 1878 militis,
714 1819 752 1866 vel
761 1855 768 1878 ,
781 1829 810 1867 ut
819 1819 866 1870 alii

138 1914 244 1967 putant,
254 1906 309 1953 Arii
318 1910 489 1966 centurionis,
499 1907 656 1967 violentiam,
666 1924 742 1973 aquo
751 1909 779 1955 in
787 1908 863 1957 alter,

139 1994 237 2041 catione
249 1993 302 2042 litis
314 1997 416 2060 agrariae
429 2014 520 2060 pamm
533 1997 614 2043 abfuit
625 1998 689 2062 quin
698 1998 864 2050 occideretur.

139 2078 280 2132 Novissimi
291 2094 374 2147 autem
380 2086 516 2133 Aeneidem
527 2098 658 2150 aggressus
670 2097 719 2145 est,
728 2103 865 2150 argumem

70 2176 72 2182 '
109 2232 112 2247 ,
140 2173 749 2240 tumvariumetmultiplex,etquasiamlmrum
759 2177 866 2226 Homeri

140 2261 281 2309 carminum
302 2262 404 2321 instar,
426 2275 545 2327 praeterea
569 2264 715 2313 nominibus
737 2281 765 2312 ac
787 2266 866 2317 rebus

57 2392 64 2401 x
140 2349 232 2398 Graecis
241 2350 385 2415 Latinisque
397 2368 546 2412 commune3
556 2364 581 2401 et
589 2355 616 2401 in
627 2370 694 2418 quo,
705 2353 774 2418 quod
784 2358 866 2403 maxi,

140 2437 181 2484 md
196 2437 326 2499 studebat,
336 2441 454 2488 Romanae
466 2442 542 2488 simul
557 2441 625 2490 urbis
638 2454 662 2490 et
671 2443 783 2507 Augusti
791 2445 866 2507 origo

140 2528 320 2577 contineretur.
341 2528 429 2590 Quum
449 2529 569 2595 Georgica
588 2531 730 2592 scriberet,
756 2530 866 2582 traditur
