1825 3025
124 90 152 126 ν.
165 91 226 140 ¹³9·
317 77 481 126 LIBER
502 79 640 127 VIII
793 87 844 148 ²⁶9

127 145 296 228 Quodqneah
306 162 382 229 stirpe
392 165 458 215 fores
466 168 570 231 geminis
578 180 730 232 conjunctae
735 169 845 252 Atrrdn

125 234 243 283 Sedmea
252 250 291 282 me
299 236 393 298 virtue,
401 249 426 285 et
436 249 520 285 sancta
531 240 630 288 oracula
640 240 739 304 divum,

20 355 22 376 Ι
75 325 78 334 ¹
124 306 287 370 cognatique
296 318 392 370 patrea,
401 320 445 356 tua
455 310 527 357 terris
537 310 614 358 didita
623 312 701 373 fama,

123 376 290 440 eonjunxere
300 377 359 437 tibi,
369 390 394 427 et
402 377 460 427 fatis
468 379 539 444 egere
548 381 682 430 volentem.

118 446 274 507 Dardanus,
283 447 361 497 Iliacae
370 451 470 514 primae
478 462 550 514 pater
559 453 629 500 urbis
638 464 663 500 et
672 466 773 517 auctor,

123 518 239 576 Electri,
247 530 275 566 ut
285 519 354 566 Graii
362 520 509 584 perhibent,
517 521 645 570 Atlantide
654 533 749 585 cretus,

121 589 268 637 Advehitur
277 591 401 640 Teucros:
410 591 533 646 Electram
542 594 667 641 maxianus
674 596 744 654 Atlas
801 605 806 614 ““

122 659 224 720 Edidit,
232 661 346 709 aetherios
356 662 464 710 humero
474 664 519 726 qui
528 666 635 712 sustinet
645 654 725 714 orbes.
785 657 787 663 ⁴

120 731 206 778 Vobis
215 732 356 780 Mercurius
365 744 437 798 pater
447 745 498 792 est,
509 751 585 798 quem
594 735 699 784 candida
707 736 773 786 Maia

120 802 233 866 Cyllene
242 802 323 868 gelido
332 815 486 867 conceptum
495 806 588 853 vertice
598 806 664 854 sedit
673 824 680 866 3

120 873 159 921 Aa
168 874 273 934 Maiam,
281 874 374 922 auditis
384 875 408 923 si
416 874 557 940 quidquam
567 877 798 939 credimus‚Atlas‚

120 944 196 992 Idem
205 944 275 992 Atlas
284 937 386 1009 denerat
397 945 453 994 coeli
464 948 509 1009 qui
521 947 601 998 sidera
611 948 684 996 tollit.

120 1016 254 1077 Sicgenna
261 1016 396 1065 amborum
406 1017 500 1067 scindit
510 1035 536 1066 ae
546 1020 666 1082 sanguine
675 1018 707 1067 ab
716 1036 777 1068 nno.

119 1087 169 1134 aiis
179 1085 273 1146 sectura,
280 1104 333 1136 non
340 1088 450 1152 legatos,
460 1106 543 1156 neque
551 1091 632 1154 prima
638 1108 684 1155 per
694 1102 771 1140 artem

118 1158 286 1206 Tcntamenta
294 1160 333 1208 tni
341 1160 440 1225 pepigi:
451 1177 504 1220 me,
514 1178 553 1209 me
563 1162 774 1228 ipse‚1nennaque
815 1184 818 1190 *

118 1228 212 1292 Objeci
221 1242 310 1294 capnt,
318 1241 344 1278 et
354 1230 466 1297 supplex
477 1233 509 1280 ad
518 1232 605 1280 limina
613 1234 679 1280 veni}

118 1302 191 1348 Gens
199 1300 284 1351 eadem
291 1336 299 1358 ‚
307 1317 364 1365 que
373 1314 412 1362 te,
422 1303 522 1352 crudeli
528 1303 627 1350 Daunia
636 1303 703 1352 bello

117 1371 280 1434 Insequitur:
290 1389 336 1422 noa
347 1372 369 1420 ei
378 1372 488 1437 pellant,
497 1373 562 1421 nihil
569 1372 655 1421 abfore
665 1374 773 1430 credunt

118 1441 194 1505 Quin
202 1459 302 1492 omnem
311 1444 459 1508 Hesperiam
468 1441 571 1507 penitius
580 1461 626 1492 sua
635 1444 683 1491 sub
688 1441 749 1507 juga
758 1447 816 1506 mit,

192 1525 258 1575 tant,

115 1585 151 1632 Et
161 1601 227 1634 mare
238 1585 307 1651 qnod
316 1585 392 1650 supri
402 1582 505 1633 teneant
513 1620 521 1644 ,
528 1584 649 1649 quodque
658 1584 731 1651 alluit
741 1585 812 1634 iniri.
847 1604 854 1613 ·

50 1676 53 1681 >
116 1657 214 1722 Accipe
223 1657 303 1721 daque
313 1655 390 1719 fidem
398 1668 476 1705 esunt
484 1656 560 1704 nebia
568 1655 644 1705 fortia
652 1655 721 1704 bello

116 1728 222 1776 Pectora
229 1763 237 1787 ‚
244 1739 305 1777 aunt
313 1729 404 1787 animi,
414 1738 440 1776 et
450 1727 527 1775 rebus
536 1738 646 1793 spectata
652 1727 783 1789 juventus.

154 1799 257 1848 Dixerat
264 1801 361 1848 Aeneas
371 1798 429 1847 :ille
440 1816 470 1847 os
480 1798 620 1862 oculosque
628 1797 761 1863 loquentis,¹

116 1871 175 1918 Jam
185 1870 281 1919 dudum
290 1882 315 1919 et
325 1882 409 1919 totum
419 1870 547 1918 lustrabat
557 1869 654 1917 lumine
664 1884 763 1932 corpas.

116 1942 185 1989 Tum
194 1942 228 1990 aie
236 1957 314 2005 pauca
325 1942 401 1990 refert
408 1943 461 1989 z‘Ut
471 1952 509 2000 te,
519 1940 654 1989 fortissime
663 1937 790 1987 Teucriam
799 1976 807 1996 ,

114 2013 222 2077 Accipio
229 2028 388 2077 agnoscoque
397 2012 493 2061 libens!
505 2023 535 2059 ut
543 2011 619 2059 verba
630 2011 741 2075 parentis

114 2085 148 2131 Et
156 2100 242 2133 rocem
252 2084 370 2133 Anchisae
379 2084 463 2148 magni
474 2081 628 2145 vultumque
639 2080 773 2131 recordor!

113 2154 183 2205 Nam
191 2155 293 2204 memini
300 2155 415 2205 Hesionae
424 2155 548 2202 visentem
558 2168 634 2217 regna
644 2153 736 2200 sororia

112 2226 341 2277 Laomedontiaden
350 2221 496 2285 Priamum,
505 2225 629 2272 Salamine
638 2234 781 2288 petentem,

44 2306 47 2315 “
112 2297 239 2348 Protenua
249 2297 361 2347 Arcadiae
369 2297 467 2362 gelidae
477 2296 586 2359 inviaere
597 2294 668 2343 fiaes.
689 2346 693 2357 ,
733 2342 735 2349 ,

112 2368 184 2417 Tum
191 2368 254 2417 mihi
262 2370 343 2434 prima
351 2385 427 2433 genas
436 2362 543 2416 vestiba‘t
553 2367 614 2414 flore
620 2367 726 2431 juventa
734 2382 741 2423 3

112 2438 276 2504 Mimbarqne
287 2439 364 2489 dncea
374 2438 487 2488 Teucros
495 2456 503 2498 3
511 2438 620 2486 mirabar
629 2448 654 2485 et
663 2438 748 2502 ipsum

111 2510 351 2561 Laomedontiaden:
362 2510 406 2560 aed
415 2511 516 2559 cunctis
524 2509 599 2556 altior
607 2506 661 2556 ibat
784 2552 787 2563 ,

111 2580 246 2635 Anchises.
256 2582 322 2631 Mihi
331 2598 402 2631 mena
407 2580 524 2645 juvenali
531 2579 634 2628 ardebat
642 2594 728 2626 amore
744 2586 746 2588 ’

50 2640 54 2651 ’
110 2649 269 2719 Compellare
276 2654 375 2717 vnum,
383 2662 410 2704 et
420 2651 516 2704 dextre
525 2650 678 2718 conjungere
687 2648 817 2767 deganan:
859 2691 862 2695 ,

696 2734 711 2768 a
734 2754 739 2767 .
