1825 3025
45 103 135 151 asso.
301 89 492 150 uturum.
576 138 580 153 ,
719 104 802 151 ⁶1¹

45 188 163 246 Caeditur,
172 196 197 236 et
205 197 299 236 veteres
307 188 396 236 ineunt
405 187 536 252 proscenia
544 181 615 247 liidi;
719 212 725 250 a

44 254 192 324 Praemiaque
201 260 320 323 ingeniis,
329 274 406 323 pagos
415 270 440 306 et
449 260 558 322 compita
566 261 660 311 circum
668 292 676 320 ,

46 330 153 378 Thesid'n
160 345 277 395 posuere,
287 341 361 393 atque
372 332 438 391 inter
446 330 537 392 pocula
546 329 597 376 laeti

46 399 162 448 Mollibus
171 400 197 448 iu
205 402 284 465 pratis
294 411 382 447 unctos
392 400 487 447 saluere
496 415 541 464 per
551 410 626 448 utres.

47 472 94 518 Nec
102 487 153 519 nou
162 472 279 529 Ausonii,
290 469 365 533 ‘troja
375 486 434 534 geus
443 471 530 528 missa,
540 470 623 517 coloni

48 541 160 589 Versibus
168 542 302 605 incomptis
311 542 418 599 ludunt,
429 542 532 604 risuque
542 539 640 599 soluto,

49 611 141 675 Oraque
150 612 285 660 corticibus
294 623 399 659 sumunt
408 611 534 663 horrenda
544 611 649 658 cavatis:

48 681 76 727 Et
84 692 117 737 te,
127 683 233 740 Bacche,
244 693 335 731 vocant
345 699 390 745 per
400 683 509 729 carmina
518 682 587 742 laeta,
597 679 706 745 tibique·

50 751 131 818 chia
140 769 172 800 ex
180 753 230 799 alat
240 753 398 816 suspendunt
408 752 492 800 mollia
501 753 573 817 pinu.
584 751 668 801 w
678 738 717 793 ‘23

49 822 108 869 Hinc
115 824 194 870 omnis
202 823 272 886 largo
282 823 398 886 pubescit
406 825 479 869 vinea
488 822 557 880 fetu3
651 790 668 851 l

51 891 205 957 Complentur
213 895 340 958 vallesque
350 907 429 949 cavae,
440 892 566 957 saltusque
575 890 710 956 profundi,
764 888 767 895 ’

51 961 77 1008 Et
84 965 239 1028 quocumque
248 964 309 1011 deus
319 959 416 1011 circinn
425 973 501 1026 caput
510 965 559 1025 egit
568 963 709 1010 honestum.

51 1033 108 1095 Ergo
118 1035 162 1081 rite
172 1051 245 1082 suurn
255 1034 353 1082 Raccbo
364 1033 476 1081 dicemus
484 1034 605 1080 honorem

52 1101 199 1152 Carminibus
208 1107 307 1168 patriis,
317 1105 452 1169 lancesque
462 1113 487 1152 et
495 1103 546 1150 liba
555 1105 678 1164 feremur,

52 1173 79 1218 Et
87 1174 169 1222 ductus
178 1191 259 1222 cornu
268 1175 343 1222 stabit
351 1186 422 1221 'sacer
430 1174 518 1222 hircus
527 1174 634 1221 adaram
644 1209 651 1232 ‚

53 1243 195 1310 Pingniaque
204 1246 231 1292 in
241 1245 341 1292 vecibus
352 1244 506 1292 torrebimus
515 1254 572 1291 exta
580 1244 698 1292 columis.

82 1317 120 1362 Est
128 1319 201 1363 etiain
210 1316 251 1363 ille
260 1315 332 1363 labor
341 1315 460 1363 curandis
470 1313 564 1364 vitibus
572 1314 648 1373 ulter,

54 1382 235 1451 Cninumquam
242 1386 356 1433 exhausti
366 1387 425 1432 eatis
433 1395 599 1448 est;nun1que
609 1400 683 1433 omne
696 1394 759 1448 quot

127 1459 199 1506 aunis
516 1474 518 1481 *
549 1480 552 1487 ¹

55 1525 281 1593 Terqnequaterque
285 1515 367 1576 soloin
373 1526 550 1585 scindendum,
559 1526 678 1590 glebaque
683 1528 760 1576 versis

55 1596 179 1647 Aeternum
189 1599 325 1663 frangenda
335 1599 493 1656 bidentibus,
503 1613 576 1645 omne
585 1597 718 1645 levandum

56 1666 138 1717 Fronde
147 1686 249 1719 nemus:
264 1669 330 1717 redit
339 1669 456 1733 agricolis
466 1668 537 1718 labor
546 1678 616 1715 actus
624 1668 653 1714 iu
661 1665 761 1730 orbem,

56 1736 126 1801 Atque
135 1741 161 1787 in
170 1758 195 1787 se
205 1756 248 1788 sua
258 1756 303 1804 per
312 1741 416 1803 vestigia
427 1739 539 1787 volvitur
548 1749 638 1785 annus.

84 1812 115 1857 Ac
122 1810 172 1873 jam
181 1811 241 1859 olim
251 1826 317 1858 seras
326 1813 413 1874 posuit
423 1826 504 1873 quum
514 1809 586 1855 vinea
595 1805 710 1863 frondes,

55 1877 156 1942 Frigidus
164 1893 189 1929 et
198 1882 266 1929 silvis
275 1881 362 1946 aquilo
372 1881 482 1928 decussit
490 1878 613 1926 honorem
622 1893 630 1934 ;

56 1948 103 1996 lun
112 1962 162 1999 tum
171 1969 226 2001 acer
235 1967 307 2000 curas
317 1953 460 1999 venientem
470 1947 585 1995 extendit
591 1949 620 1994 in
627 1961 723 1995 aunum

57 2015 171 2080 Rusticus,
182 2034 206 2071 et
215 2020 494 2080 curvoxsaturui'dente
502 2019 612 2066 relictam

56 2087 202 2156 Persequitur
210 2095 287 2141 vitem
297 2092 444 2150 attondens,
454 2089 578 2153 fingitque
587 2086 708 2153 putando.

56 2156 141 2210 Pn'mm
148 2164 255 2212 humum
265 2163 356 2221 fodito,
367 2165 465 2228 primus
475 2160 574 2208 deiecta
584 2171 692 2208 cremato

57 2227 182 2293 Sarmenta,
192 2234 304 2283 etaaflos
313 2235 412 2297 primns
422 2232 469 2280 sub
480 2242 542 2278 tecta
553 2230 660 2279 referto:

57 2295 184 2353 Postremus
193 2309 287 2353 metito.
298 2306 341 2353 Bis
352 2302 445 2350 vitibus
455 2302 552 2364 ingruit
562 2299 668 2361 umbru3

57 2368 91 2416 liis
99 2379 199 2437 segetein
208 2377 291 2423 densis
301 2374 433 2440 obducunt
443 2371 555 2421 sentibus
564 2370 648 2419 herbae
657 2388 664 2419 ε

57 2436 130 2491 Durus
140 2439 244 2510 uterque
253 2446 332 2494 labor.
342 2444 454 2492 Laudato
464 2444 574 2500 irruentia
584 2455 661 2501 rura3

56 2508 168 2572 Exiguum
177 2516 261 2565 coiito.
276 2517 390 2565 Necnon
400 2519 568 2575 etiamaspera
579 2511 647 2556 rusci
665 2478 719 2550 [¹⁴⁴1
801 2529 807 2549 ι

55 2578 144 2632 Vimine
153 2603 197 2650 per
207 2588 307 2644 silvam,
318 2596 342 2632 et
353 2587 413 2648 ripis
421 2583 531 2631 fluvialia
540 2570 639 2626 arufflo

56 2647 167 2717 Quas,
176 2656 319 2722 incultique
327 2665 426 2703 exercet
434 2665 497 2701 cura
505 2648 594 2699 salicti.

642 2709 661 2758 6
720 2693 727 2700 .
