1825 3025
130 127 175 162 m
242 87 244 92 ’
283 91 521 156 ’νῑῑωῑωι
539 108 658 158 vtrt.
710 101 715 110 ’

133 217 221 277 Quum
239 211 353 277 quaedam
372 214 554 262 enuntiaverim
569 214 776 281 praedixenmque
796 234 859 282 quae

130 302 235 367 intelligi
247 301 353 366 scirique
365 304 466 351 nonnisi
476 302 508 351 ab
516 302 688 352 eruditissimis
697 282 859 371 summisque

106 427 112 444 t
130 394 191 441 viris
210 392 366 459 potuissent,
379 402 421 453 tn,
438 394 555 459 'princeps
573 392 658 456 orbis,
673 394 732 442 item
750 406 775 443 et
791 397 858 445 item

130 499 207 547 panes
220 482 247 530 in
260 479 397 530 mercedem
411 479 465 527 dari
478 480 591 550 jussisti,
608 480 679 546 quod
692 482 794 546 quidem
809 497 860 533 aut

129 571 231 635 pistoris
243 579 287 616 aut
298 569 351 616 nati
359 569 453 632 pistore
463 568 574 617 officium
586 582 645 618 erat.
656 571 751 620 Placuit
762 572 861 621 Caesari

131 659 224 707 facetia.
235 659 270 704 At
277 657 406 720 deinceps,
414 658 498 723 inquit
508 641 603 720 Caesar,
612 676 665 708 non
672 676 685 706 a
692 662 800 725 pistore,
810 661 860 710 sed

131 763 144 793 a
160 764 215 811 rege
228 733 398 811 magnanimo,
411 746 478 793 dona
491 745 562 795 feies.
576 747 653 796 Illum
665 748 767 812 plurimi
780 749 865 813 fecit,

131 846 156 882 et
168 828 276 884 Pollioni
289 834 482 883 commendavit.

161 1009 284 1073 'Corpore
300 1018 326 1055 et
343 1007 439 1057 staturi
456 1007 506 1056 init
528 1008 633 1071 grandi,
652 1009 736 1072 aquilo
753 1010 859 1076 colore,

131 1099 192 1147 fecie
201 1096 339 1157 rusticani,
347 1097 491 1145 valetudine
500 1096 567 1144 varii
579 1113 585 1143 t
596 1079 655 1144 nam
663 1097 812 1162 plerumque
822 1101 868 1148 ab.

103 1165 104 1174 i
131 1167 261 1234 stomeeho
280 1196 304 1233 et
324 1183 439 1232 faucibus
458 1201 486 1231 ac
507 1183 598 1240 dolore
611 1184 697 1249 capitis
710 1184 859 1251 laborabat3

131 1274 276 1338 sanguinem
289 1272 362 1319 etiam
374 1271 464 1335 sae'plns
476 1272 550 1335 ejecit
561 1271 624 1319 :cibi
637 1272 739 1336 vinique
749 1275 858 1326 minimi.

119 1367 203 1412 ‘Fama
214 1371 250 1409 est
257 1377 315 1409 eum
324 1360 567 1426 libidinispronioris
575 1361 601 1407 in
608 1378 702 1425 pueros
710 1353 785 1410 luisse
795 1378 800 1410 :
810 1368 859 1416 sed

129 1451 192 1498 boni
200 1451 233 1496 ita
244 1466 302 1497 eum
313 1465 407 1514 pueros
420 1436 514 1496 amasse
525 1458 695 1514 putaverunt,
705 1460 733 1497 ut
741 1451 858 1504 Socrates

120 1538 300 1598 Alcibiadem,
313 1550 337 1586 et
347 1538 419 1586 Plato
433 1554 494 1586 suos
503 1535 610 1604 pueros.v
618 1537 712 1586 Verium
723 1539 788 1588 inter
799 1560 857 1591 om=

131 1645 175 1677 nes
184 1626 291 1676 maximi
304 1626 392 1675 dilexit
402 1626 533 1688 Cebetem,
546 1637 571 1673 et
580 1625 766 1687 Alexandrum,
778 1647 858 1693 quem

131 1714 239 1765 secundi
248 1716 426 1767 Bucolicorum
433 1715 525 1781 Eclogi
536 1714 636 1761 Alexim
648 1704 767 1781 appellat,
777 1716 857 1766 dona2

131 1816 190 1853 turn
199 1804 245 1852 sibi
257 1804 289 1851 ab
301 1804 390 1853 Asinio
402 1802 523 1852 Pollione.
542 1805 686 1868 Utrumque
702 1821 755 1852 non
771 1794 857 1867 meru,
887 1842 888 1847 ,

126 1876 214 1941 ⁴ditum
223 1893 316 1940 dimisit
322 1911 336 1952 ;-
342 1893 516 1941 Alexandrum
527 1893 727 1957 grammaticum,
739 1891 856 1944 Cebetem

131 1982 192 2031 vero
213 1991 238 2029 et
257 1984 366 2046 politam.
390 1980 530 2045 Vulgarum
556 1989 595 2026 est
619 1979 776 2026 consuevisse
795 1998 855 2030 enm

131 2085 190 2117 cum
203 2068 283 2118 Plotiti
295 2066 387 2118 Hieriai.
397 2068 457 2117 'Sed
469 2068 594 2117 Asconius
607 2067 729 2114 Pedianus
745 2065 856 2117 affirmat

131 2158 211 2223 ipsum
229 2168 316 2222 postea
336 2158 457 2221 majorem
476 2168 539 2206 natu
557 2172 658 2204 narrare
678 2155 775 2203 solitum
791 2157 856 2205 iuvi.

132 2255 213 2292 tutum
231 2246 333 2308 quidem
346 2261 360 2291 a
374 2245 451 2293 Vario
471 2246 504 2292 ad
522 2246 724 2293 communionem
740 2243 795 2302 sni,
810 2260 854 2291 ve·

133 2333 191 2382 rimi
208 2333 402 2398 pertinacissime
415 2350 548 2382 recusasse.
569 2332 655 2382 Ceteri
669 2331 727 2379 sane
747 2331 810 2391 vitai,
827 2345 853 2383 et

124 2440 190 2480 ore,
201 2431 227 2470 et
238 2423 338 2482 animo,
351 2433 402 2469 tam
411 2421 520 2486 probum
534 2421 609 2469 luisse
622 2429 734 2480 constat,
746 2429 775 2467 ut
788 2418 852 2468 Nea:

94 2492 98 2501 .
133 2513 185 2577 poli
211 2511 354 2559 Parthenias
376 2509 454 2575 vulgo
475 2509 664 2575 appellaretur:
681 2525 710 2555 ae
735 2509 756 2555 si
777 2508 851 2557 modo

134 2601 234 2658 Romu,
243 2599 295 2663 quo
307 2597 429 2647 rarissimi
441 2597 608 2657 commeabat,
616 2597 754 2657 viseretur,
769 2595 795 2642 in
804 2610 851 2658 pu.

703 2678 709 2697 t
