1825 3025
46 100 141 148 esa.
308 65 530 147 arcuarii.
729 98 779 163 ,ir
837 139 839 144 ,

48 187 159 234 Laurus
167 194 220 232 erat
229 184 288 232 tecti
298 183 391 242 medio,
400 182 428 230 in
437 181 607 256 peuetpalibus
615 182 683 245 altis,

53 260 138 305 Sacra
146 270 253 312 comam,
263 254 406 318 multosque
415 266 484 302 metu
494 265 587 302 servata
596 272 640 320 per
649 273 745 315 annost

55 328 147 387 Quum
155 336 226 391 pater
234 327 374 384 inventam,
383 326 477 389 primas
486 342 565 389 quum
575 327 691 375 conderet
699 345 779 389 arces,
844 381 846 386 f

54 401 119 461 Ipse
129 396 253 444 ferebatur
262 395 355 445 Phoebo
367 412 473 444 sacrasse
482 397 598 454 Latinus,
720 387 744 412 '⁸

54 469 241 533 Laurentisque
250 466 282 514 ab
292 467 319 514 cai
328 484 420 526 nomen
429 468 539 530 posuime
548 466 651 515 colonis.

55 537 145 600 Hujtas
153 554 210 603 apes
219 554 346 585 summum
356 538 437 598 densae
446 545 456 604 t
465 536 577 585 mirabile
587 536 687 603 dictu),

56 608 173 657 Stridore
184 609 280 672 ingenti
288 608 415 672 liquidum
427 619 496 656 trans
506 609 596 656 aethera
606 619 694 669 vectu,

56 671 185 732 obsedere
194 681 300 743 apicem
311 690 347 737 et,
357 678 466 742 pedibus
476 696 520 743 per
529 691 616 725 mutua
626 682 711 742 nexis,

55 751 172 798 Examen
180 749 292 798 subitum
302 764 371 797 ramo
380 750 514 797 frondente
522 748 649 813 pependit.

57 819 189 868 Continuo
198 831 276 877 vates,
287 819 428 868 Externum
437 820 575 878 cernimus,
584 821 681 887 iuquit,

56 891 202 938 Adventare
211 892 309 950 virum,
319 903 344 939 ct
354 902 437 956 partes
445 902 529 958 petere
539 906 628 958 agmen
638 891 734 942 easdem

55 961 176 1009 Partibus
184 979 216 1009 ex
225 961 315 1019 isdem,
326 973 351 1009 et
360 960 457 1014 summi
468 962 618 1009 dominarier
626 978 687 1011 arce.

56 1031 190 1090 Patarea,
200 1034 272 1081 castis
282 1032 364 1082 adolet
375 1032 434 1090 dum
445 1033 530 1081 altaria
541 1033 625 1093 taedis,
706 1037 708 1042 ’
769 1031 772 1036 ’

57 1102 175 1166 UtJ'uxta
184 1105 323 1164 genitorem
334 1097 416 1154 adstat
425 1105 527 1151 Lavinia
538 1101 623 1166 virgoss

56 1173 119 1221 Visa
128 1172 139 1238 (
148 1173 234 1238 nefas)
243 1173 326 1238 longis
335 1175 514 1239 comprendere
523 1174 635 1234 crinibus
644 1175 741 1238 ignem,

57 1243 146 1309 Atque
154 1260 254 1292 omnem
263 1255 382 1292 ornatum
391 1245 492 1293 llamuui
501 1246 636 1310 crepitante
645 1247 750 1296 cremari
758 1264 765 1308 3

56 1314 213 1381 Regalcsque
223 1331 323 1363 accensa
333 1331 429 1375 comas,
438 1332 538 1363 accensa
548 1332 665 1366 coronam

56 1385 188 1448 Insignem
197 1386 311 1450 gemmis3
322 1397 378 1432 tum
387 1386 484 1433 fumida
493 1386 587 1434 lumine
597 1387 668 1435 fulvo

58 1455 172 1514 involvi,
180 1472 210 1503 ac
219 1457 278 1504 totis
286 1455 424 1506 vulcanum
433 1472 546 1522 spargere
555 1460 634 1505 tectis.

56 1526 88 1573 ld
98 1528 160 1575 vcro
167 1527 322 1575 horrendum
333 1544 361 1575 ac
370 1529 426 1591 risu
437 1527 550 1586 mirabile
559 1529 632 1578 ferri:

57 1597 176 1662 Namque
184 1599 238 1646 fore
247 1598 371 1665 illustrem
381 1598 446 1646 fami
455 1600 561 1662 latisque
570 1598 693 1647 canebant

56 1667 155 1731 Ipsam;
167 1668 208 1717 sed
217 1668 311 1733 populo
321 1676 441 1733 magnum
450 1668 597 1733 portendere
606 1669 708 1719 bellum.

57 1737 93 1786 At
103 1755 162 1796 rex,
172 1739 292 1787 sollicitus
302 1741 434 1799 monstris,
443 1740 542 1788 oracula
552 1741 631 1787 Fauni

58 1809 165 1859 vatidici
173 1810 291 1873 genitoris
300 1810 366 1869 adit,
375 1809 496 1875 lucosque
505 1809 552 1858 sub
561 1809 609 1863 alti

59 1878 177 1928 Otnsulit
186 1879 312 1939 Albuned‚
322 1898 523 1946 nemorumque
531 1882 639 1929 maxima
648 1897 717 1935 sacro

58 1951 138 2000 Fonte
146 1961 230 2009 sonat,
240 1967 380 2018 saevamque
390 1950 490 2011 exhalat
497 1968 572 2016 opaca
583 1951 722 2016 mephitim.

59 2020 125 2069 Hinc
135 2022 203 2070 Italae
212 2033 307 2086 gentes,
317 2024 451 2087 omnisque
460 2024 579 2070 Oenotria
589 2022 674 2082 tellus,

58 2090 91 2139 In
100 2091 185 2140 dubiis
194 2109 310 2159 responsa
318 2104 417 2159 petunt.
427 2097 484 2142 Huc
494 2093 559 2149 dona
568 2092 679 2142 sacerdos

60 2160 150 2223 Quum
159 2163 229 2222 tulit,
239 2175 263 2211 et
272 2181 391 2212 caesarum
401 2166 488 2213 ovium
498 2164 544 2212 sub
554 2174 626 2212 nocte
635 2164 720 2214 silenti

60 2230 171 2281 Pellibus
180 2234 297 2281 incubuit
306 2236 390 2283 stratis
394 2268 402 2294 ,
413 2251 563 2299 somnosque
572 2236 675 2301 petivit,

60 2303 144 2352 Multa
157 2304 238 2352 modis
245 2306 377 2354 simulacra
386 2305 455 2354 ridet
464 2306 593 2353 volitantia
602 2307 686 2371 mitis,

59 2372 92 2420 Et
101 2374 183 2422 varias
191 2375 262 2423 audit
271 2392 354 2435 voces,
364 2377 510 2440 fruiturque
519 2377 623 2425 deorum

61 2442 205 2509 Colloqttio,
215 2458 290 2513 atque
300 2448 356 2495 imis
364 2446 507 2497 Acheronta
516 2447 609 2494 affatur
619 2446 734 2495 Aternia.

60 2512 107 2563 llic
116 2527 141 2563 ct
150 2527 205 2565 tum
212 2529 283 2580 pater
294 2517 346 2582 ipsc
355 2524 444 2583 petens
454 2534 570 2582 responsa
580 2518 684 2568 Latinus

61 2584 170 2634 Centum
182 2586 303 2651 lanigeras
313 2588 435 2638 mactabat
444 2590 491 2637 rite
500 2589 626 2647 bidentes,

61 2652 146 2723 Atque
153 2656 245 2727 haruin
254 2661 292 2709 eft
291 2660 358 2709 ultus
367 2671 437 2727 tergo
446 2661 578 2727 stratisque
585 2659 681 2725 jacebat
