1825 3025
120 95 173 138 ·,
259 83 584 156 vrncm‘rmra.
732 112 782 145 ιω

99 192 229 252 nabitavit
245 198 378 263 Angustus
394 202 524 249 Octaviine
537 200 605 250 filias
619 210 684 249 esset
698 217 731 250 an
745 201 781 250 ala
805 209 808 216 '

20 315 21 320 ,
67 283 141 332 terina
149 299 156 342 3
171 284 251 352 idque
260 288 391 336 Maronem
399 289 495 353 aperire
502 306 575 354 posse
584 288 720 342 arbitratus
729 300 767 337 est
772 324 780 350 ,

68 373 122 436 quia
130 389 221 421 eanum
234 384 260 421 et
274 376 333 439 eqni
341 386 465 425 *naturam
480 389 644 443 parentesque
654 379 781 442 cognorat.

67 463 158 511 Amatis
166 464 248 528 igitur
255 463 374 530 omnibus
383 465 483 514 arbitris
491 501 498 524 ,
514 466 586 515 illum
596 469 623 523 in
631 467 781 532 peritiorem

67 563 160 616 partem
169 550 262 601 domus
275 564 362 613 vocat;
374 565 399 603 et
409 554 492 603 solum
504 564 575 619 rogat
589 572 623 604 an
639 556 699 603 sciat
713 555 782 619 quise

65 656 117 689 uam
125 652 206 701 essct,
220 651 245 689 ct
260 659 337 708 quam
349 643 381 690 ad
389 643 545 692 felicitautlos
554 644 668 693 homines
678 643 781 694 incultae

42 707 49 724 i
65 740 109 780 tem
122 731 237 781 haberet.
252 711 425 798 Novi‚inquit
440 734 528 792 Maro,
538 743 578 792 te,
589 730 668 781 Caesar
683 734 784 798 Augus·

64 827 100 878 ts,
120 832 146 869 et
167 821 246 869 ferme
268 837 364 886 aeqnam
384 836 443 869 cum
461 820 511 872 diis
531 819 716 869 immortalibus
740 837 783 886 po=

64 918 174 958 tostatem
185 906 278 956 habere
295 920 323 958 ut
340 911 453 975 quemvis
467 909 564 958 felicem
577 910 660 959 facias.
677 911 713 959 rs
728 910 783 958 ani·

62 1013 100 1047 mo
113 1014 186 1058 snm,
200 997 330 1061 respondit
341 998 433 1057 Caesar,
445 1009 487 1059 ut,
496 1000 516 1046 si
530 1015 618 1046 verum
631 1015 680 1063 pro
693 1008 783 1062 rogatu
809 1041 813 1050 ,

62 1085 169 1145 dixeris,
187 1085 288 1133 beatum
299 1096 324 1135 te
337 1087 484 1150 felicemque
494 1087 603 1134 reddam.
614 1088 731 1145 Utinam,
748 1087 783 1134 ait

62 1175 150 1233 Maro,
170 1175 338 1238 interroganti
356 1174 402 1222 tibi
414 1190 477 1222 'vera
496 1175 577 1223 dicere
595 1176 699 1240 queam!
709 1176 783 1223 Tunc
796 1235 799 1240 γ

61 1263 207 1329 Angustus:
221 1249 314 1310 Putant
330 1261 373 1309 alii
388 1274 533 1312 mercatum
550 1253 783 1328 Octavi03quidain
840 1292 843 1297 -

62 1354 222 1417 suspicantur
235 1349 282 1398 alio
296 1366 335 1398 me
348 1351 463 1414 genitum
476 1354 540 1401 viro.
550 1353 623 1400 Maro
637 1350 782 1400 subridens:

61 1441 156 1500 Facile,
174 1419 277 1505 inquit,
296 1440 318 1487 si
332 1438 443 1503 impunc
455 1439 611 1504 licenterque
628 1455 684 1505 qpae
702 1439 783 1488 sentio

61 1528 131 1596 loqui
138 1529 230 1596 jubes,
243 1528 270 1577 id
283 1527 370 1578 dicam.
380 1527 498 1579 Affirmat
508 1530 589 1579 Caesar
599 1528 765 1595 jurejurando
775 1565 783 1590 ,

62 1608 163 1668 bullum
178 1618 234 1683 ejus
252 1618 347 1666 dictum
365 1620 429 1684 aegri
445 1620 661 1683 laturum‚immo
679 1620 783 1671 nonnisi

62 1706 182 1756 donatum
197 1707 229 1755 ab
243 1724 272 1756 eo
285 1706 463 1757 discessurum.
475 1710 515 1756 nd
530 1699 585 1757 hnc
601 1704 688 1765 oculos
703 1703 784 1758 oculis

62 1797 171 1862 Augusti
179 1795 289 1860 infigens
297 1798 383 1845 Maro:
393 1795 516 1855 Facilius,
531 1797 581 1855 ait,
595 1798 623 1845 in
633 1798 721 1846 ceteris
730 1799 783 1846 ani·

63 1885 168 1937 malibus
178 1886 308 1950 qualitates
314 1896 448 1951 parentum
457 1903 472 1948 a
481 1887 659 1936 mathematicis
665 1899 692 1936 et
700 1888 783 1953 philo·

64 1975 146 2038 tophis
164 1975 281 2038 cognosci
301 1985 410 2039 possunt
424 1968 486 2033 3'in
502 1975 605 2023 homino
623 1952 783 2041 nequaquam

61 2061 178 2122 possibile
195 2073 240 2111 est
259 2062 309 2115 sed
324 2063 355 2111 de
368 2074 393 2112 te
405 2064 576 2128 conjecturam
585 2064 666 2114 babeo
676 2065 783 2114 similem

61 2150 132 2209 veri,
153 2162 185 2199 ut
202 2138 424 2216 quid'oxercuerit
441 2164 513 2217 poter
527 2166 588 2202 tuus
604 2157 667 2203 scire
679 2157 782 2220 possim.

60 2238 163 2288 Attente
179 2238 337 2305 exspectabat
354 2242 486 2307 Angustus
502 2240 625 2308 quidnamv
638 2244 737 2293 diceret.
747 2247 782 2295 At

59 2329 114 2379 ille:
125 2328 261 2392 Quantum
275 2346 320 2396 ego
335 2346 388 2378 rem
401 2331 539 2397 intelligere
547 2342 667 2398 possum,
679 2334 781 2397 pistoris

60 2415 128 2467 lilius
139 2435 182 2477 es,
197 2418 290 2483 inquit.
301 2419 473 2486 Obstupuerat
482 2421 578 2482 Caesar,
591 2406 616 2468 et
633 2422 717 2470 statim
729 2439 782 2487 qno

61 2505 85 2554 id
96 2517 174 2572 pacto
182 2492 360 2572 birspotuerit
368 2510 454 2557 animo
460 2509 582 2557 volvebat.
590 2512 781 2572 interrumpens

62 2594 184 2660 Virgilius
200 2611 207 2642 z
225 2594 313 2656 Audi,
325 2597 436 2662 inquit»,
454 2613 507 2662 quo
528 2607 602 2660 pacto
620 2595 647 2642 id
667 2595 782 2658 conjicio.
