1825 3025
42 131 153 195 2703.
301 125 432 177 traua
449 127 526 175 xtt.
721 128 769 176 sss

43 220 112 265 Jam
122 213 183 263 veri)
192 223 216 261 ct
225 210 315 261 Rutuli
325 213 448 272 certatim,
458 224 484 277 et
493 214 580 270 Troe’s,
590 222 615 261 et
623 228 709 263 omnes
765 276 767 283 Ι

45 287 207 336 Convertere
218 283 304 331 oculos
313 284 381 341 Itali,
391 285 485 347 quique
494 283 542 331 alta
552 283 667 331 tenebant

45 352 162 411 bitania,
173 355 267 418 quique
276 354 340 402 imos
350 353 481 417 pulsabant
491 355 564 403 ariete
574 370 674 412 muros3

47 428 184 488 Armaque
195 425 329 489 deposuere
338 424 462 471 humeris:
472 435 554 487 stupet
563 425 616 488 ipse
625 425 741 488 Latinus,

48 489 186 560 Ingentes,
196 495 290 557 genitos
301 493 402 541 diversis
411 494 524 557 partibus
534 488 615 567 o'rbis,

47 571 127 616 Inter
137 581 163 612 se
170 565 255 612 coiisse
265 565 345 621 viros,
355 575 379 611 et
389 580 489 612 cernere
498 564 572 612 serro.

52 652 56 663 ·
90 636 176 698 Atque
185 634 233 691 illi,
245 644 273 680 ut
283 649 360 681 vacuo
370 644 506 698 patuerunt
515 650 614 698 aequore
624 634 720 698 campi,
773 666 781 671 -

49 709 183 755 Procursu
193 703 289 768 rapido,
300 703 417 767 conjectis
427 707 523 751 eminus
533 705 625 762 hastis,

49 774 185 826 Invadunt
196 784 298 833 martem
308 774 399 837 clypeis
409 772 485 837 atque
495 791 541 822 aere
552 790 658 829 sonoro3
760 828 763 832 Δ

48 850 106 895 Dat
115 844 234 908 gemitum
245 843 330 892 tellus:
342 855 397 891 tum
407 844 506 892 crebros
517 844 616 891 ensibus
625 845 690 891 ictus

49 914 248 978 Congeminant:
258 914 309 962 sors
320 924 344 961 et
355 914 437 962 virtus
447 915 583 962 miscentur
593 916 620 962 iu
631 911 718 963 unum.

49 986 93 1035 Kc
105 984 173 1032 velut
181 984 275 1047 ingenti
285 981 346 1042 Sila,
357 1000 486 1031 summove
497 985 635 1047 Taburno,

49 1059 145 1118 Quum
155 1053 205 1102 duo
214 1055 338 1102 conversis
347 1054 447 1102 inimica
457 1055 484 1101 in
494 1055 580 1119 proelia
589 1057 655 1104 tauri

49 1124 190 1175 Frontibus
199 1125 346 1184 incurrunt;
356 1125 440 1189 pavidi
449 1142 543 1174 cessere
552 1124 677 1189 ma'gistri3

49 1201 111 1246 Stat
122 1211 196 1259 pecus
205 1211 279 1243 omne
289 1206 357 1242 metu
367 1207 480 1256 mutum;
491 1209 652 1261 mussantque
660 1197 772 1260 juvencas

50 1266 123 1330 Quis
136 1266 232 1313 nemori
243 1266 379 1329 imperitet,
390 1283 467 1331 quem
478 1279 531 1316 tots
543 1280 654 1331 armenta
668 1285 772 1335 sequan-

128 1347 183 1394 τως

50 1406 98 1456 Illi
106 1407 173 1454 inter
182 1423 234 1454 sese
244 1404 357 1454 multari
367 1406 470 1454 vulnera
480 1407 599 1467 nascent,

51 1479 207 1542 Orrnnaque
217 1476 304 1526 obnixi
313 1475 435 1543 infigunt,
446 1489 471 1526 et
482 1479 600 1543 sanguine
609 1477 677 1543 largo

51 1549 126 1598 Colla
135 1565 264 1613 armosque
272 1548 367 1607 lavant;
375 1550 470 1613 gemitu
478 1565 566 1598 nemus
573 1566 646 1598 omne
653 1553 771 1616 remugit:

50 1620 131 1668 nand
140 1619 209 1668 aliter
219 1622 281 1668 Tros
291 1620 386 1667 Aeneas
396 1633 421 1667 et
431 1622 546 1677 Daunius
555 1622 628 1669 heros

52 1691 218 1752 Concurrunt
225 1690 330 1754 clypeis:
341 1690 430 1755 ingens
441 1692 524 1755 fragor
533 1692 624 1738 aethera
633 1691 749 1756 complet.

52 1764 70 1807 J
73 1762 173 1824 uppiter
181 1761 232 1824 ipse
242 1761 303 1808 duas
313 1772 411 1824 aequato
421 1764 534 1809 examine
543 1762 632 1822 lances,

51 1832 179 1888 Sustinet,
189 1842 214 1878 ct
222 1831 272 1878 fata
281 1832 388 1898 imponit
397 1831 493 1879 diversa
502 1833 610 1881 duorum
618 1850 626 1890 3
699 1827 702 1832 ’
769 1879 774 1890 ,

55 1901 141 1963 Quem
150 1900 248 1949 damnet
256 1901 338 1961 labor,
350 1913 375 1950 et
386 1919 437 1966 quo
448 1914 532 1966 vergat
540 1902 650 1966 pondere
661 1902 748 1954 letum,

92 1972 185 2019 Emicat
194 1971 247 2030 hic,
257 1972 361 2037 imponi
369 1983 475 2037 putans,
486 1985 510 2021 ct
521 1989 624 2037 corpore
634 1984 688 2022 toto

54 2040 116 2094 Alte
124 2041 249 2089 sublatum
259 2043 388 2108 consurgit
398 2045 501 2094 Turnus
511 2046 646 2101 inensem,

56 2109 88 2159 Et
97 2112 162 2159 ferit.
172 2111 315 2161 Exclamant
325 2114 402 2161 Tro'e‘s
411 2114 552 2181 trepidique
561 2115 657 2172 Latini,

57 2184 215 2245 Arreotaeque
225 2182 356 2232 amborum
365 2186 436 2232 acies.
446 2186 481 2232 At
490 2183 600 2249 perfidus
610 2184 676 2231 ensis

56 2252 201 2315 Frangitur,
211 2253 239 2300 iu
249 2254 379 2318 medioque
389 2254 517 2302 ardentem
527 2254 616 2303 descrit
624 2256 693 2314 ictu,

44 2353 47 2364 .
58 2322 92 2368 Ni
102 2321 160 2385 fuga
170 2322 280 2371 subsidio
290 2325 388 2372 subeat:
399 2326 465 2389 fugit
475 2327 543 2373 ocior
552 2327 635 2386 Euro,

47 2387 219 2455 xUtoapulunr
229 2394 343 2457 ignotum
353 2395 515 2458 dextramque
524 2395 636 2460 adspexit
645 2398 772 2447 inermem.

59 2465 130 2509 Fama
140 2472 176 2509 est
185 2465 347 2529 precipitem,
359 2482 438 2529 quum
445 2467 526 2529 prima
532 2467 559 2513 in
567 2467 653 2531 proelia
660 2467 763 2530 junctos

60 2531 243 2581 Conscendebat
253 2551 342 2599 equos,
352 2538 432 2601 patrio
442 2553 562 2586 mucrone
573 2538 673 2596 relicto,

60 2603 128 2650 Dum
137 2604 255 2667 trepidat,
265 2606 360 2654 serrum
369 2608 460 2672 aurigae
471 2609 580 2673 rapuisse
591 2607 688 2656 Metisci
698 2628 703 2660 :
737 2661 741 2670 ,

4 2721 5 2728 ,
60 2673 139 2739 quue
149 2674 204 2737 diu,
214 2674 275 2727 dum
285 2687 352 2743 terga
361 2676 452 2727 dabant
460 2680 566 2746 palantia
577 2682 681 2739 Teucri,

676 2873 697 2906 Q
769 2865 777 2884 9
