1825 3025
67 100 181 148 anaqi.
278 86 565 137 urbemn,
647 53 651 64 ‹
747 91 797 152 273

67 173 192 220 Dicetur
199 167 283 231 uobis,
294 174 375 220 eterit
384 191 439 238 quae
448 175 555 222 maxima
564 188 669 237 semper.

70 244 173 303 Quare
178 244 253 305 agite,
263 260 279 291 o
283 243 399 308 juvenes,
407 256 533 293 tantarum
539 246 566 292 in
572 235 799 307 muneralaudunt,

72 313 186 377 Cingite
192 314 281 363 fronde
289 331 383 375 conius,
395 326 419 363 et
428 309 519 381 poculi
527 309 624 380 porgite
633 313 741 377 dextris3
779 310 784 322 '

72 386 301 451 Communemque
311 398 395 434 vocate
404 386 494 445 deum,
503 397 527 433 et
536 387 592 434 date
597 386 659 442 v‘eina
669 388 787 437 volentes.

71 458 201 514 Dixerat3
211 457 332 505 Herculei
341 456 437 505 bicolor
446 473 527 522 quum
534 456 647 522 populus
654 458 744 510 umbri
808 462 810 465 ’

73 527 236 592 Vehvitqne
241 544 335 585 comas,
345 528 462 592 fabisque
470 530 562 576 innexa
570 528 703 593 pependit,

72 598 111 646 Et
121 612 193 645 sacer
202 598 315 662 implevit
324 598 439 646 dextram
449 599 566 663 scyphus.
576 597 653 646 Ociirs
661 616 749 648 omnes
760 650 762 654 ,

75 672 112 718 In
121 684 235 717 mensam
244 670 295 717 laeti
302 668 395 727 libant,
406 669 529 733 divosque
536 680 681 733 precantur.

85 769 89 774 -
115 741 222 788 Devexo
232 740 440 804 interea'propior
449 738 479 787 fit
488 756 576 805 vesper
583 739 686 805 olympo
695 758 701 786 :

76 813 193 874 Jamque
202 810 338 860 sacerdotes
349 812 500 875 primusque
508 811 615 859 Potitius
624 810 704 862 ibant,

71 875 195 930 'Pellibus
202 882 231 928 iu
239 877 333 929 morem
342 880 432 939 cincti,
441 878 603 945 flammasque
611 880 733 942 serebant.

78 956 230 1001 Instaurant
238 952 336 1016 epulas,
347 963 372 1001 et
380 965 471 1000 mensae
481 963 550 1017 grata
559 946 673 1010 secundae

78 1025 157 1072 Dona
165 1022 262 1080 ferunt,
272 1021 455 1087 cumulantque
466 1023 574 1080 oneratis
582 1021 697 1072 lancibus
704 1037 769 1070 aras.

80 1096 151 1142 Tum
160 1094 219 1142 Salii
228 1093 260 1140 a‘d
268 1104 356 1146 cantus
361 1128 369 1153 ,
379 1093 480 1141 incensa
489 1089 575 1141 altaria
584 1095 695 1157 circum,

78 1164 201 1229 Popnlcis
210 1163 301 1212 adsunt
309 1165 402 1214 evincti
412 1174 524 1229 tempora
533 1164 623 1225 ramis5

79 1238 132 1285 luc
136 1235 262 1298 juvenum
271 1236 376 1293 chorus,
384 1234 428 1282 ille
436 1252 539 1293 senum,
546 1236 591 1300 qui
599 1236 709 1284 eariuine
717 1233 803 1290 laudes

81 1305 219 1355 Herculeas
227 1317 252 1353 et
260 1306 323 1354 sacta
332 1305 432 1354 serunt:
441 1317 471 1364 ut
479 1308 558 1371 prima
568 1322 681 1354 novercae

81 1379 200 1431 Monstra
208 1393 286 1425 mann
295 1377 459 1441 geminosque
467 1393 583 1442 premens
592 1377 686 1425 eliserit
692 1372 785 1442 angue's
795 1394 803 1439 ς

81 1451 118 1500 Ut
127 1448 195 1495 bello
203 1448 312 1515 egregias
321 1447 389 1495 idem
398 1446 523 1513 disjecerit
531 1446 619 1507 urbes,

83 1520 248 1584 1'rojamque,
257 1518 468 1635 Oechaliapqum
478 1529 508 1565 nt
517 1517 595 1566 duros
604 1515 672 1566 mille
680 1516 778 1566 labores

83 1594 152 1655 Rege
160 1589 209 1638 sub
218 1590 371 1654 Eurystheo,
392 1590 439 1636 atis
447 1589 557 1637 iunonis
566 1589 674 1653 iniquae,

79 1660 228 1710 Pertnlem't.
237 1652 278 1709 'l'u
287 1659 440 1726 nubigenas,
448 1660 552 1718 invicte,
560 1658 711 1707 bimembres
778 1652 780 1655 ’

84 1732 250 1798 Hylaeumque
259 1730 419 1794 Pholumque
428 1746 518 1790 manu,
527 1741 557 1778 tu
568 1729 652 1779 Cresia
660 1739 753 1781 maetas

83 1804 213 1867 Pnodigia,
222 1813 247 1850 et
256 1813 356 1851 vastum
365 1800 458 1851 Nemori
467 1801 514 1849 sub
524 1817 587 1866 rupe
596 1801 703 1848 leonem.

85 1876 122 1935 Te
133 1875 212 1938 Stygii
221 1885 345 1922 tremuere
355 1873 437 1931 lacus,
446 1882 472 1920 te
477 1871 573 1936 janitor
582 1871 645 1919 Orci

87 1947 149 1993 Ossa
158 1961 234 2023 super
242 1943 364 1992 recubans
375 1955 449 1999 antro
457 1956 550 1992 semesa
559 1951 674 1990 cruento.

85 2017 172 2066 Necte
181 2012 239 2064 uliae
247 2015 332 2074 facies,
344 2031 399 2064 non
408 2010 499 2064 terruit
505 2015 562 2078 >ipse
568 2011 708 2077 'Ipphoeus

88 2086 203 2146 Arduus,
211 2102 280 2134 arma
289 2097 376 2134 tenens
381 2102 390 2146 3
398 2102 452 2134 non
460 2096 485 2133 te
494 2084 597 2133 rationis
606 2092 718 2147 egentem

87 2159 203 2206 lemarus
212 2155 286 2211 turbai
295 2160 407 2222 capitum
415 2156 581 2204 circumstetit
589 2153 687 2217 anguis.

89 2229 169 2287 Salve,
178 2244 238 2276 vera
246 2230 318 2276 Joris
326 2227 423 2293 proles,
433 2216 509 2275 deeius
518 2225 601 2274 addite
610 2225 688 2272 divis:

89 2301 120 2347 Et
128 2315 173 2348 nos
183 2298 357 2348 ettuadexter
365 2299 406 2345 adi
414 2297 478 2362 pede
487 2314 555 2346 sacra
563 2295 684 2345 secundo.
800 2348 802 2351 v

89 2371 154 2419 Talia
163 2370 317 2420 seminibus
325 2368 464 2423 celebrant:
474 2368 642 2433 superomnia
652 2363 713 2415 Caci
772 2366 776 2371 “

90 2434 237 2505 Speluncam
245 2440 379 2504 adjiciunt,
389 2441 577 2503 spirantemque
585 2437 688 2502 ignibus
696 2438 789 2500 ipsum.

91 2508 215 2561 Consonat
224 2527 298 2558 omne
308 2526 396 2558 nemus
404 2510 524 2573 strepitu,
533 2507 659 2572 collesque
668 2508 804 2561 resultant*

124 2574 189 2635 Exin
198 2599 224 2631 sc
233 2583 318 2629 cuncti
326 2581 418 2629 divinis
428 2579 544 2633 rebusad
553 2578 643 2627 urbem

92 2653 204 2701 Perfeetis
214 2652 333 2702 referunt.
342 2651 398 2702 Ibat
408 2667 453 2702 rex
462 2649 562 2701 obsitus
568 2666 635 2715 aero,
