1825 3025
94 170 99 178 ,
152 134 203 189 esi
395 129 616 180 eruemus
752 131 867 205 mss.

150 216 266 277 Suffecit3
275 227 408 283 postquem
418 234 486 266 arms
496 217 535 265 dei
543 217 574 266 sd
583 217 706 267 Vulcania
714 231 837 281 ventum,

150 290 264 341 Mortalis
274 305 373 347 mucro,
384 288 472 352 glacies
481 306 527 338 ceu
537 290 628 347 futilis,
639 291 694 338 ictu

149 359 276 410 Dissiluit:
286 358 354 408 fulvi
364 359 522 423 resplendent
532 361 653 424 lragmiua
662 360 745 409 areni.

149 432 215 494 Ergo
224 447 308 479 emens
317 430 412 479 diversa
422 430 481 495 fugi
491 432 552 495 petit
562 447 662 495 aequora
672 434 777 480 Turnus
787 449 796 492 ;

149 502 181 549 Et
191 518 259 549 nunc
267 501 329 558 huc,
339 501 397 549 inde
407 501 471 558 huc,
480 501 588 549 incertos
597 502 708 565 implicet
718 503 809 551 orbes:

148 572 267 637 Undique
276 573 343 619 enim
353 571 427 619 densi
438 573 529 620 Teucri
536 572 660 619 inclusere
668 574 774 632 coroni3

149 643 234 708 Atque
242 643 302 691 hinc
312 653 379 690 vesta
388 642 475 707 pelus,
485 643 544 690 hinc
553 642 631 690 ardna
641 644 732 691 moeuia
743 646 855 709 cingunt.

148 714 202 763 Nec
211 711 294 761 ininius
303 713 409 771 Aeneas,
421 729 573 778 quamquem
581 714 677 761 tardata
687 715 774 778 sagittis
831 718 837 729 '

149 784 279 833 Interdum
289 800 370 848 genua
378 783 532 851 impediunt,
541 800 694 848 cursumque
704 797 833 845 recusent,

148 856 305 920 Insequitur,
316 855 457 921 trepidique
467 855 555 919 pedem
565 854 626 919 pede
636 855 750 912 fervidus
760 868 841 921 urget.

148 927 278 976 Inclusum
287 926 366 974 veluti
375 927 397 975 si
407 926 509 991 quando
517 924 620 974 flumine
629 916 718 973 rinctus

148 997 269 1054 Currum,
280 1008 323 1045 aut
333 999 447 1053 Puniccre
456 1008 562 1061 septum
571 996 704 1044 formidine
713 998 816 1061 penna,

148 1069 258 1116 Venator
267 1083 345 1115 cursu
355 1069 423 1116 canis
434 1079 458 1116 et
468 1067 598 1117 latratibus
607 1069 683 1114 instat
694 1084 701 1114 :

148 1138 194 1187 llle
203 1148 297 1196 autem,
307 1138 406 1186 insidiis
416 1148 441 1186 ct
451 1137 505 1204 ripd
514 1139 618 1185 territus
627 1137 675 1184 altri
684 1172 691 1195 ‚

147 1209 218 1258 Mille
230 1208 293 1272 fugit
303 1208 447 1273 refugitque
456 1209 520 1268 vias3
529 1219 555 1255 at
562 1208 659 1256 vividus
670 1208 766 1258 Umber

95 1300 99 1307 ⁷
148 1281 231 1328 Haeret
238 1280 321 1336 hiens,
327 1278 380 1342 jam
386 1278 493 1343 jamque
502 1290 581 1338 tenet,
591 1278 728 1343 similisque
738 1281 833 1329 teuenu'

147 1352 276 1420 Increpuit
285 1349 518 1415 malissmorsuque
527 1349 611 1398 elusus
620 1351 688 1397 inani
697 1362 744 1398 est.

147 1423 213 1470 Turn
223 1422 283 1470 veris
291 1422 405 1469 exuritur
415 1420 522 1479 clamor,
532 1421 640 1485 ripaeque
649 1420 770 1485 lacusque

147 1494 303 1558 Respouse‘nt
312 1490 388 1552 circi,
397 1503 424 1555 et
434 1485 525 1541 coelum
537 1502 606 1540 tonat
616 1492 822 1549 omnektnmultu.

147 1563 204 1621 Ille,
215 1564 290 1612 simul
299 1565 411 1629 fugiens,
422 1563 535 1632 Ilutulos
545 1562 619 1610 simul
629 1564 740 1627 increpat
749 1581 847 1615 omnes.
875 1601 880 1610 ,

146 1635 255 1684 Nomine
270 1651 395 1700 quemque
410 1650 518 1688 vocans:
534 1645 674 1698 notumque
689 1634 808 1699 efflagitat
822 1653 864 1684 ena

219 1722 278 1755 sem.

146 1775 242 1825 Aeuees
252 1786 357 1823 mortem
367 1773 454 1824 centri
463 1791 622 1839 praesensque
632 1775 743 1822 minatur

145 1847 267 1905 Exitium,
278 1848 301 1895 si
309 1848 442 1912 quisquam
452 1846 534 1907 edeat;
544 1856 670 1910 terretque
680 1858 829 1908 trementes,

145 1918 295 1968 lixeisurum
305 1918 393 1967 urbem
402 1919 533 1978 minitans,
543 1927 568 1965 et
577 1918 675 1965 saucius
684 1917 767 1964 instat.

146 1988 267 2053 Quinque
276 1989 349 2039 orbes
358 1990 462 2055 explent
472 2006 561 2048 cursu,
571 1988 723 2052 totidemque
734 2000 850 2039 retexunt

145 2060 213 2117 Huc,
223 2060 295 2120 illuc;
307 2077 388 2125 neque
399 2060 467 2109 enim
477 2059 541 2108 levia
550 2071 594 2108 sut
601 2058 696 2107 ludicre
706 2071 828 2122 petuntur

144 2128 260 2189 Praemia,
268 2132 312 2180 sed
321 2132 402 2180 Turni
411 2129 441 2178 de
451 2130 504 2180 viti
513 2143 538 2178 et
547 2129 666 2194 sanguine
676 2140 779 2179 certent.

182 2202 252 2252 Forte
262 2218 329 2254 secer
338 2205 423 2252 Fauno
433 2201 500 2250 foliis
509 2202 613 2250 oleaster
620 2201 710 2257 ameris

143 2266 189 2319 llic
201 2277 312 2332 steterit,
322 2274 405 2321 nautis
415 2273 476 2321 olim
485 2272 623 2321 venerabile
633 2272 751 2335 signum3

144 2341 240 2389 Servati
249 2358 282 2389 ex
292 2342 366 2390 undis
377 2343 421 2391 uhi
431 2340 508 2407 figere
518 2344 583 2391 dona
592 2342 705 2391 solebant

143 2410 262 2458 laurenti
270 2412 341 2470 divo,
351 2424 376 2459 et
386 2425 456 2462 votas
465 2414 616 2477 suspendere
626 2424 705 2461 vestes
715 2430 721 2460 ι

142 2477 192 2524 Sed
200 2480 302 2543 stirpem
311 2483 414 2542 Teucri,
424 2483 497 2538 nullo
507 2485 661 2544 discrimine,
671 2500 770 2531 sacrum

132 2601 134 2604 ι
142 2547 311 2607 sustulerant,
322 2568 388 2613 puro
399 2565 428 2601 ut
437 2566 541 2617 pussent
549 2570 699 2604 concurrere
708 2570 803 2620 campo.

140 2614 189 2661 llic
198 2617 268 2665 haste
278 2620 366 2667 Aeneae
376 2624 531 2684 steb213huc
539 2626 648 2691 impetus
657 2624 726 2673 illam

140 2682 271 2746 Detulerqt
280 2685 370 2751 fixum,
378 2703 404 2742 et
413 2692 481 2752 lenti
490 2696 520 2745 iu
527 2697 609 2746 radice
619 2695 726 2745 tenebit.

141 2823 274 2866 ἰ
