1825 3025
28 170 72 203 v.
90 154 155 201 ⁶32.
305 152 436 202 LIBER
452 154 530 202 111.
724 155 772 203 381

30 238 160 291 Foedera
170 237 290 298 turbasti,
301 251 374 304 teque
383 241 435 289 haee
443 242 472 289 in
480 241 544 288 bella
554 240 657 289 dedisti:

32 315 87 362 Et
96 327 168 359 nune
178 310 347 375 nequidquam
356 312 431 369 fallis,
442 312 493 361 dea.
504 313 617 377 Sedquis
626 311 727 379 olympo
769 342 771 344 -

35 383 197 432 Demissam
207 392 289 430 tantos
299 382 378 429 voluit
387 394 411 429 te
421 382 485 431 ferre
494 383 609 432 labores?

36 457 97 503 An
107 453 194 500 fratris
204 453 288 499 miseri
297 450 375 499 letum
386 464 415 501 ut
424 453 524 502 crudele
533 454 648 502 videres?

38 524 121 574 Nam
130 523 193 587 quid
201 524 263 587 ago?
270 533 314 570 ant
321 523 432 587 quaejam
439 524 544 589 spondet
550 526 652 574 fortuna
659 525 776 576 salutem-³

38 595 115 642 Vidi
126 593 214 642 oculos
223 604 280 642 ente
289 594 341 657 ipse
350 609 417 643 meos
426 612 466 643 me
477 612 535 643 voce
545 606 675 644 vocantem

40 667 223 722 Murranum,
234 680 285 729 quo
294 680 347 712 non
356 677 455 729 superat
465 666 527 713 mihi
536 666 616 714 carior
625 666 702 726 alter,

43 735 330 799 Oppetere'ingentem‚
340 746 415 798 atque
424 734 520 800 ingenti
529 736 632 785 vulnere
643 737 746 785 victum.

45 805 156 854 Occidit
164 804 265 863 infelix,
275 821 307 853 ne
317 817 432 862 nostrum
442 807 548 855 dedecus
558 807 636 855 Ufens

47 875 215 940 Adspiceret:
226 876 316 925 Teucri
325 876 459 941 potiuntur
468 894 573 942 corpore
582 888 607 924 et
616 877 699 925 armis.

47 945 208 995 Exscindine
218 945 305 995 domos
316 947 356 1013 (id
368 947 441 995 rebus
451 947 531 995 deluit
541 951 637 1013 unum)

46 1017 198 1081 Perpetiar?
208 1016 295 1065 dextri
305 1034 351 1065 nec
360 1019 466 1065 Drancis
476 1018 680 1067 dictn'refellam?

51 1089 137 1152 Terga
143 1086 222 1135 dabo?
231 1098 255 1134 et
263 1089 379 1136 Turnum
388 1089 525 1153 fugientem
531 1090 583 1140 haec
590 1101 656 1137 terra
664 1087 776 1138 videbit?

51 1159 143 1224 Usque
150 1158 242 1206 adeone
249 1159 314 1206 mori
320 1159 439 1207 miserum
445 1161 499 1208 est?
507 1162 559 1209 Vos
566 1178 583 1209 o
589 1161 663 1221 mihi,
673 1162 760 1209 Manes
765 1195 775 1222 ,

53 1231 114 1278 Este
124 1228 196 1287 boni,
207 1230 325 1294 quoniam
336 1232 438 1294 Superis
448 1247 533 1279 aversa
542 1232 666 1281 voluntas.

54 1302 146 1348 Sancta
154 1299 186 1349 ad
195 1317 239 1349 vos
248 1300 343 1357 ultima,
353 1312 429 1365 atque
437 1302 510 1349 istius
519 1303 596 1349 inscia
605 1303 700 1366 culpas,

53 1371 222 1429 Desecndam,
233 1384 380 1435 magnorum
387 1373 456 1421 haud
463 1388 584 1435 umquam
591 1371 709 1436 indignus
717 1388 775 1423 avo·

146 1458 211 1490 rum.

55 1514 109 1559 Vix
118 1530 145 1561 ee
155 1514 221 1561 fctus
231 1523 296 1572 erat;
306 1511 400 1559 medios
409 1509 478 1560 volat
487 1527 541 1560 ecce
550 1525 596 1575 per
604 1511 689 1561 hostes

55 1585 150 1631 Vectus
160 1600 225 1647 equo
234 1594 364 1647 spumante
375 1585 459 1640 Saces,
468 1582 570 1630 adversa
580 1581 668 1647 sagitti

56 1655 162 1702 Saucius
172 1670 227 1712 ora3
239 1654 354 1717 ruitque,
363 1654 502 1718 implorans
512 1654 612 1702 nomine
622 1655 737 1702 Turnum
746 1669 754 1701 s

55 1727 154 1781 Turne,
164 1724 192 1773 in
201 1717 225 1772 ti
235 1740 351 1789 suprema
361 1725 441 1783 salus3
451 1726 567 1773 miserere
577 1734 688 1772 tuorum.

57 1794 183 1842 Fulminat
191 1796 286 1843 Aeneas
296 1795 383 1855 armis3
394 1812 552 1859 summasque
562 1795 673 1843 minatur

55 1864 220 1927 Dejecturum
229 1880 296 1913 arces
306 1863 411 1925 Italiam,
421 1866 568 1931 excidioque
577 1865 713 1926 daturum

55 1939 165 1999 Jamque
174 1936 238 1983 faces
247 1935 279 1983 ad
288 1947 352 1984 tecta
361 1937 460 1984 volant:
470 1937 498 1984 iu
508 1949 533 1985 te
542 1953 585 1986 cm
595 1937 692 1997 Latini,

56 2009 90 2056 Iu
99 2016 123 2053 te
132 2006 217 2054 oculos
228 2006 354 2055 referunt:
365 2019 460 2055 mussat
472 2024 515 2055 rex
525 2008 577 2072 ipse
586 2008 690 2055 Latium

52 2078 130 2137 'Quos
139 2092 241 2140 generos
251 2088 333 2135 vocet,
343 2088 388 2125 sut
399 2095 456 2142 quae
466 2095 518 2126 sese
527 2078 558 2125 ad
569 2079 660 2127 foedera
670 2077 762 2129 flectat.

56 2150 176 2196 Praeterea
187 2147 282 2211 regina,
291 2147 331 2195 tul
341 2146 472 2208 fidissima,
485 2147 572 2196 dextri

58 2216 154 2266 Occidit
163 2217 215 2282 ipsu
225 2216 282 2276 sui,
292 2219 425 2283 lucemque
433 2220 552 2266 exterrita
562 2219 635 2283 fugit,
648 2241 649 2244 ¹

59 2288 111 2337 Soli
119 2301 165 2351 pro
174 2288 253 2353 portis
264 2290 428 2358 Messapuslet
438 2305 494 2337 acer
503 2290 591 2338 Atinas

60 2359 203 2414 Sustentant
212 2359 299 2418 aciem
309 2360 404 2408 circum
413 2360 461 2408 hos
470 2360 598 2425 utrimque
606 2358 741 2425 phalanges

62 2432 130 2478 Stant
141 2429 232 2490 densae,
243 2430 385 2494 strictisque
396 2441 463 2494 seges
473 2430 635 2479 mucronibus
644 2430 732 2478 horret

62 2504 156 2558 Ferrea:
167 2510 196 2547 tu
207 2516 310 2549 currum
321 2501 418 2549 deserto
427 2501 455 2548 iu
464 2501 574 2564 gramine
583 2501 682 2549 versas!
743 2523 745 2527 ¹

63 2561 231 2637 lsssbstnpuit
240 2570 307 2619 varii
316 2570 437 2619 confusus
445 2570 552 2634 imagine
562 2588 646 2619 rerum

63 2644 172 2700 Turnus,
183 2652 209 2689 et
218 2641 311 2691 obtutu
320 2642 396 2690 tacito
406 2642 486 2689 stetit:
495 2651 582 2689 aestuat
592 2643 679 2705 ingens
746 2639 749 2644 ’

64 2714 117 2762 Uno
124 2711 152 2763 iu
161 2711 235 2762 corde
245 2713 329 2779 pudor
333 2718 345 2774 ,’
352 2712 482 2778 mixtoque
491 2711 587 2759 insanis
596 2712 684 2770 lucta,
