1825 3025
33 128 147 191 moa,
300 88 527 173 utauuxrr.
599 135 601 138 ·
722 125 770 172 su

33 216 98 260 Jam
110 211 176 261 verb
186 222 211 260 et
221 208 314 259 Rutuli
324 210 448 270 certatim,
458 221 484 276 et
493 211 580 267 Troie's,
591 218 616 257 et
624 224 709 260 omnes
765 252 768 279 ,ι

34 284 202 332 Convertere
213 281 302 329 oculos
312 280 380 338 Itali,
391 282 485 345 quique
494 281 542 328 alta
552 280 668 328 tenebant

33 346 155 410 Maenia,
164 353 264 417 quique
274 353 339 400 imos
349 350 481 414 pulsabant
490 352 564 401 ariete
574 367 674 409 mnros3

33 422 177 487 Armaque
188 424 328 486 deposuere
337 421 461 468 humeris:
471 433 553 484 stupet
562 422 615 484 ipae
625 421 740 485 Latinus,
771 468 779 482 ,

33 486 180 557 Ingentes,
190 494 287 556 genitos
298 491 401 538 diversis
410 490 523 555 partibus
533 487 614 565 cibis,

33 565 116 612 Inter
128 580 155 611 se
163 564 252 611 coiisse
262 563 343 619 viros,
353 572 377 608 et
388 576 487 609 cernere
496 561 571 608 ferro.

36 648 39 657 '
74 635 169 698 Atque
178 633 228 689 illi,
240 642 270 678 ut
280 647 359 678 vacuo
368 642 505 695 patuerunt
514 646 613 692 aequore
622 632 718 695 campi,
770 663 781 667 »

33 704 176 751 Procursu
186 702 286 766 rapido,
297 701 414 763 conjectis
425 703 522 747 eminus
531 701 623 757 hastis,

33 774 178 821 Invadunt
189 782 295 831 martem
305 771 397 835 clypeis
407 781 482 833 atque
493 788 539 818 aere
549 785 640 816 sonoro
649 786 656 824 ;

33 844 91 891 Dat
102 843 230 907 gemitum
241 841 328 889 tellus:
339 852 395 888 tum
404 840 504 888 crebros
514 838 614 887 ensibus
623 841 687 886 irtus

34 912 243 976 Congeminant:
253 911 306 959 sors
316 922 341 959 et
352 911 434 959 virtus
445 911 580 957 miscentur
590 911 617 956 in
628 906 715 957 uuum.
736 918 739 921 '

34 982 78 1030 Ac
90 984 165 1031 volut
174 982 271 1045 ingenti
281 978 342 1040 stit,
354 995 483 1028 summove
494 980 630 1044 Taburno,v

35 1054 136 1114 Quum
147 1052 199 1100 duo
208 1052 334 1099 conversis
344 1050 443 1099 inimica
454 1050 481 1097 in
491 1050 576 1114 proelia
586 1052 651 1098 tauri

6 1158 12 1187 >
34 1123 183 1171 Frontibus
192 1123 342 1181 incurruut;
352 1121 436 1185 pavidi
445 1137 539 1169 cessere
548 1118 672 1184 ma'gistri3
735 1136 738 1141 ¹

35 1195 99 1241 Stat
112 1209 189 1257 pecus
198 1208 273 1240 omne
284 1202 353 1239 metu
363 1203 476 1251 mutum;
487 1204 648 1255 mussantque
655 1191 768 1254 juvence

36 1264 113 1326 Quis
126 1264 226 1311 nemori
237 1263 374 1326 imperitet,
386 1280 462 1327 quem
474 1274 526 1311 tcta
539 1274 649 1328 armenta
662 1280 767 1330 sequana

64 1370 65 1379 ,
118 1346 175 1392 tur;

36 1403 83 1451 Ilii
93 1406 164 1452 iuter
174 1420 227 1451 sese
238 1399 317 1450 multa
326 1402 352 1450 vi
362 1403 465 1452 vulnera
475 1403 593 1461 nrisccnt,

36 1474 200 1540 Girunaque
210 1474 299 1523 obnixi
308 1472 429 1540 infigunt,
441 1486 466 1522 et
476 1474 594 1538 sanguine
603 1471 671 1537 largo

38 1545 116 1594 Coila
125 1562 258 1609 armosque
266 1545 362 1604 lavant,
370 1547 464 1610 gemitu
472 1559 560 1593 nemus
567 1560 640 1591 omne
647 1546 764 1609 remugit:

37 1617 121 1664 liaud
131 1617 202 1664 aliter
212 1619 275 1663 Tros
285 1616 380 1664 Aeneas
390 1629 415 1664 et
426 1617 540 1674 Daunius
548 1617 621 1664 heroe
659 1671 661 1676 ,

38 1686 211 1751 Concurrunt
218 1686 324 1749 clypeis:
335 1686 423 1751 ingens
435 1688 518 1752 fragor
527 1687 617 1734 aethera
626 1686 741 1752 complet.

39 1757 57 1800 J
59 1759 165 1821 uppiter
172 1758 225 1820 ipse
235 1757 296 1803 duas
307 1769 404 1820 aequato
415 1760 527 1806 examine
536 1758 625 1819 lances,

37 1828 170 1883 Sustinet,
181 1839 206 1874 et
214 1827 265 1873 fata
274 1828 381 1892 imponit
391 1827 486 1876 diversa
495 1830 619 1888 duorum;
691 1819 695 1828 ¹

40 1896 131 1959 Quem
141 1897 241 1944 damnet
249 1892 332 1957 labor,
343 1909 368 1946 et
379 1915 430 1962 quo
441 1912 525 1963 vergat
533 1900 643 1964 pondere
653 1899 740 1951 letum,

80 1969 176 2016 Emicat
186 1967 240 2024 hic,
249 1967 354 2031 impune
362 1980 468 2033 putans,
478 1983 503 2018 et
513 1988 616 2035 corpore
627 1983 680 2021 toto

40 2036 105 2086 Atia
113 2037 241 2085 sublatum
251 2040 380 2103 consurgit
391 2042 493 2090 Turnus
503 2043 638 2100 inensem,

42 2103 76 2154 Et
85 2109 152 2155 ferit.
163 2107 308 2155 Exclamant
318 2110 393 2157 Trois
404 2111 544 2178 trepidique
554 2114 648 2172 Latini,

43 2179 207 2241 Arreotaeque
216 2177 348 2226 amborum
357 2181 427 2228 acies.
438 2183 472 2229 At
482 2182 592 2247 perfidus
601 2185 667 2232 ensis
758 2235 760 2248 .

44 2248 192 2311 Frangitur,
203 2248 231 2293 in
241 2247 372 2312 medioque
381 2251 508 2300 ardentem
518 2253 607 2302 deserit
615 2256 684 2315 ictu,

44 2316 81 2363 Ni
91 2318 150 2380 fuga
161 2317 271 2365 subsidio
282 2319 380 2367 subeat:
391 2322 456 2385 fugit
466 2325 534 2372 ocior
543 2326 626 2385 Euro,

45 2388 210 2450 UtcapnIum
220 2388 335 2450 ignotum
344 2390 506 2457 dextramque
515 2394 627 2460 adspexit
636 2399 762 2449 inermem.

46 2459 120 2504 Fama
130 2467 167 2504 est
175 2458 338 2521 praecipitem,
350 2477 429 2523 quum
436 2465 549 2525 primaiu
558 2467 643 2531 proelia
649 2468 752 2530 junctos

48 2525 234 2574 conscendebat
243 2544 332 2591 equos,
342 2533 422 2594 patrio
433 2549 552 2583 mucrone
563 2538 662 2595 relicto,

47 2595 117 2644 Dum
127 2597 245 2661 trepidat,
255 2598 450 2670 ferrum‘anrigae
461 2607 570 2670 rapuisse
581 2610 677 2656 Metisci
686 2628 692 2660 :

47 2667 127 2735 quue
137 2668 194 2730 diu,
204 2668 265 2719 dum
275 2678 343 2735 terga
352 2670 441 2722 dabant
450 2675 556 2741 palantia
566 2681 670 2739 Teucri,
722 2737 724 2744 γ

665 2873 686 2906 Q
