1825 3025
45 108 168 169 “⁵4
271 60 656 174 ,cuoucic'ouuu
750 106 851 156 meo.

133 201 190 264 Ipsa
198 194 383 260 ingensarbcs,
392 194 531 260 faciemque
538 186 663 241 simillima
671 191 744 245 lauuc
753 210 761 255 3

116 271 118 275 ’
133 271 180 326 Et,
189 268 211 315 si
219 284 273 316 nou
280 266 359 316 alium
367 266 416 315 lati
424 265 528 333 jactaret
537 265 653 322 odorem,

133 332 230 387 Laurus
238 348 304 387 erat:
313 338 373 387 folia
381 337 452 386 haud
461 334 637 387 ullislahentia
644 334 743 396 ventis;

132 408 189 458 Flos
198 410 310 475 apprima
319 406 396 458 tenax
405 426 412 456 z
421 407 516 455 animas
525 417 549 454 et
560 405 652 479 olentia
660 397 733 455 Metti

134 481 185 550 Ora
193 479 278 528 fovent
286 480 345 539 illo,
355 491 379 528 et
388 478 491 528 senibus
501 476 656 525 medicantur
664 474 768 526 anhelis.

130 586 137 597 ,
169 551 217 598 Sed
226 567 307 616 neque
316 551 465 608 Medorum,
474 546 542 599 silvae
551 548 670 595 ditissima
677 582 690 607 ,,
694 558 760 596 terra
768 582 777 607 ,

133 621 185 671 Nec
194 621 299 689 pulcher
305 623 416 684 Ganges,
425 630 502 685 atque
510 632 573 667 auro
582 618 699 666 turbidus
707 620 830 674 Hermus,

133 690 344 741 laudibuslatiae
352 701 463 750 eerteut3
473 707 526 738 nou
534 692 621 739 Bactra
626 724 634 749 ,
644 704 726 753 neque
734 690 809 750 Indi,

131 764 245 827 Totaque
253 762 364 811 turiferis
373 761 496 813 Panchaia
504 759 605 825 pinguis
615 760 704 809 arenis.

133 834 191 881 Haec
197 833 253 882 loca
262 850 315 882 uon
322 834 389 881 tauri
399 833 521 896 spirantes
530 826 634 887 narihus
642 828 726 893 ignem

123 901 271 969 invertire,
281 904 340 951 satis
348 897 466 951 immanis
475 900 591 950 dentibus
600 900 676 965 hydri
684 917 692 959 ς

132 975 184 1033 Nec
194 973 268 1037 galeis
277 974 409 1038 densisque
418 970 504 1022 virum
513 988 580 1034 seges
588 971 689 1019 horruit
697 970 789 1021 hastis:

132 1038 182 1091 Sed
192 1044 300 1106 gravidae
307 1038 392 1108 fruges
401 1055 426 1091 et
436 1043 529 1093 Bacchi
537 1043 659 1090 Massicus
667 1040 762 1089 humor

132 1114 282 1177 Implevere3
292 1125 377 1162 teuent
387 1115 447 1163 oleae
457 1149 464 1173 ‚
475 1123 635 1177 armentaque
644 1112 707 1160 laeta.
746 1160 751 1163 ,
798 1166 801 1171 Δ

132 1185 198 1232 Hinc
207 1183 311 1233 bellator
320 1202 401 1250 equus
411 1201 500 1249 eampo
510 1196 560 1239 sese
570 1183 663 1232 arduus
671 1181 763 1242 infert3
848 1218 853 1221 -

133 1248 198 1302 Hin'c
206 1253 268 1314 albi,
279 1256 418 1315 Clitumue,
430 1271 530 1319 greges,
540 1265 565 1309 et
574 1253 681 1301 maxima
691 1263 778 1303 tamus

65 1348 68 1353 ·
134 1325 254 1390 Victima,
263 1327 326 1390 saepe
336 1337 381 1375 tuo
390 1327 487 1391 perfusi
496 1324 601 1373 flumine
610 1328 695 1381 sacro,

132 1395 257 1445 Romanos
265 1397 297 1445 ad
306 1397 398 1461 templa
407 1395 482 1444 deum
493 1389 588 1443 duxere
598 1393 747 1460 triumphos.

132 1464 180 1514 Hic
186 1482 230 1516 ver
238 1468 381 1526 assiduum,
391 1478 467 1533 atque
477 1465 564 1514 alienis
573 1464 701 1514 mensibus
710 1476 796 1527 aestas3

132 1536 174 1585 Bis
184 1539 291 1601 gravidae
299 1539 421 1603 pecudes,
431 1538 471 1585 his
480 1538 562 1601 pomis
572 1536 642 1598 utilis
650 1536 733 1598 artur.
800 1574 803 1580 .

133 1608 167 1655 At
176 1609 266 1657 rabidae
274 1611 350 1674 tigres
358 1608 463 1668 absunt,
474 1619 499 1655 et
509 1623 575 1656 saevu'
580 1606 681 1656 leonum
823 1609 827 1617 '

132 1680 231 1727 Semina
237 1697 245 1740 3
255 1681 412 1729 necmiseros
421 1678 514 1726 fallunt
524 1678 621 1726 aconita
631 1677 756 1742 legentes;
798 1695 819 1728 κ,
887 1707 888 1756 q

133 1751 184 1800 Nee
193 1749 258 1816 rap'it
266 1753 400 1798 immensos
409 1749 482 1798 orbes
492 1750 668 1814 perlentium,
677 1764 761 1813 neque
769 1751 838 1797 tantu'

132 1821 270 1884 Squameus
278 1823 306 1869 in
315 1821 409 1903 sqiram
416 1831 500 1868 tractu
509 1836 534 1866 se
544 1819 638 1882 colligit
647 1819 745 1883 anguis.
822 1853 826 1862 i

132 1891 203 1938 Adde
212 1902 250 1939 tot
260 1905 368 1956 egregias
378 1890 468 1949 urbes,
479 1905 636 1956 operumque
644 1887 771 1950 lahorem,

133 1962 180 2009 Tot
188 1972 303 2025 congesta
313 1978 390 2009 manu
398 1962 533 2027 praeruptis
543 1961 635 2024 oppida
644 1961 727 2019 saxis,
847 1985 848 1988 =

132 2031 295 2095 Fluminaque
305 2033 422 2096 antiquos
431 2030 729 2083 subterlabentiamurcs.

132 2097 844 2167 Aumarequcdsuprimemorem,qucdquealluitinlt8
887 2107 888 2146 t

132 2174 205 2219 Anne
213 2172 282 2221 lacus
291 2183 371 2222 tantos
379 2176 391 2221 i
399 2184 438 2231 te,
448 2173 506 2219 Lari
527 2163 649 2232 maxime,
658 2182 748 2236 teque,

131 2242 260 2291 Fluctibus
268 2253 292 2290 et
301 2243 404 2291 fremitu
413 2258 559 2305 assurgens,
567 2223 663 2290 lienaee
671 2277 678 2300 ,
687 2243 804 2290 marino?

107 2335 110 2340 <
131 2312 174 2360 An
183 2329 315 2362 memorem
324 2325 426 2378 portus,
436 2314 595 2380 Lucrinoque
605 2313 688 2360 addita
698 2312 819 2371 claustra,

131 2384 218 2447 Atque
224 2384 382 2444 indignatum
391 2383 487 2444 magnis
497 2381 646 2429 stridoribus
656 2399 757 2447 aequor,

131 2454 148 2498 J
150 2452 200 2500 ulia
210 2452 259 2515 qual
267 2463 345 2517 ponto
354 2452 427 2513 longe
436 2462 508 2498 sonat
519 2451 586 2499 unda
595 2449 692 2511 refuso,

131 2522 326 2587 Tyrrhenusque
336 2522 405 2567 fietis
414 2521 560 2567 immittitur
569 2532 641 2569 aestus
651 2523 779 2574 Avernist
793 2533 795 2536 ’

108 2577 140 2628 ¹³²
167 2592 224 2639 llaee
234 2593 318 2639 eadem
329 2592 425 2651 argenti
433 2592 500 2636 rivos
510 2592 613 2656 aerisque
622 2592 721 2639 metalla

77 2659 247 2723 „petendis
256 2662 326 2710 venis
331 2694 341 2720 ,
350 2669 424 2726 atque
433 2675 496 2709 auro
504 2660 612 2724 plurima
621 2661 705 2710 fluxit

887 2443 889 2460 l

847 2493 849 2502 ¹
887 2485 888 2508 l

887 2591 888 2602 t
